4666 6758
936 466 1216 561 Leguminocae.
1859 473 1881 540 5

253 729 277 782 e
296 696 539 810 petalorum
559 697 692 815 figura
706 695 876 782 definita
897 700 1204 784 nimis-incerta
1225 719 1294 800 est,
1317 700 1672 813 epraefloratione
1689 705 1880 793 vexillari

261 875 356 962 vero
384 867 535 932 contra
563 847 697 964 legem
725 875 748 930 a
776 846 896 930 nobis
923 848 1022 959 ipsis
1048 865 1258 960 acceptam
1284 876 1438 965 genera
1471 850 1613 937 affinia
1639 850 1878 968 disiungere
1992 844 2012 864 ‘'

265 998 374 1112 cogit.
435 998 547 1081 Nam
567 1000 616 1082 in
636 996 715 1083 hoc
734 996 1026 1082 considerandi
1045 1024 1200 1113 genere
1219 1001 1430 1113 imprimis
1458 1030 1481 1082 e
1507 997 1608 1084 flore
1633 1000 1878 1088 allinitatem

261 1150 563 1263 cognoscimus3
593 1146 725 1231 multa
752 1174 851 1230 vero
875 1173 1030 1260 genera
1062 1165 1266 1233 structura
1292 1146 1404 1233 floris
1433 1149 1731 1263 Papilionaceis
1758 1154 1878 1237 valde

260 1292 398 1380 affinia
419 1294 475 1379 ad
495 1294 800 1409 Caesalpinieas
827 1296 881 1379 ob
901 1294 1266 1407 praeflorationem
1287 1298 1516 1382 carinalem
1537 1299 1689 1384 referas
1707 1322 1880 1412 oportet.

261 1444 397 1547 Quam
427 1443 651 1562 effugimus
677 1450 1021 1549 inconstantiam,
1052 1451 1088 1534 si
1115 1447 1288 1533 ovulum
1316 1447 1502 1565 (semen)
1530 1448 1816 1562 hemitropum
1843 1473 1882 1536 et

263 1613 512 1711 anatropum
532 1615 651 1681 notas
670 1595 839 1681 illarum
860 1599 1064 1681 seriarum
1085 1616 1125 1681 et
1145 1598 1424 1683 characterem
1445 1601 1491 1682 in
1509 1599 1791 1712 cognoscenda
1812 1629 1881 1716 ge-

264 1771 412 1830 nerum
436 1742 638 1828 affinitate
659 1744 922 1847 adhibemus,
950 1744 1061 1859 quod
1082 1746 1135 1829 ob
1156 1765 1421 1829 momentum
1442 1746 1770 1862 physiologicum
1791 1755 1882 1853 sine

266 1893 386 1977 dubio
405 1891 543 1976 facere
563 1922 788 2003 possumus.
837 1893 923 1978 Hac
941 1899 988 1979 in
1011 1895 1342 1979 consideratione
1361 1924 1514 2010 genera
1535 1896 1684 1980 corolla
1706 1899 1882 2010 papilio-

268 2071 386 2128 nacca
407 2060 449 2125 et
469 2041 594 2125 ovulo
615 2060 817 2154 anatropo
840 2061 884 2125 ut
904 2043 1061 2127 formae
1081 2043 1279 2158 analogae
1307 2045 1415 2161 (non
1439 2041 1601 2158 affines)
1623 2047 1668 2127 in
1690 2049 1795 2129 serie
1816 2066 1881 2157 ty-

271 2196 351 2311 pice
364 2189 528 2274 diversa
544 2207 760 2306 apparent,
781 2190 881 2273 dum
899 2191 1210 2304 Papilionaccae
1231 2190 1354 2274 ovulo
1375 2195 1461 2273 iam
1482 2188 1660 2273 obsoleto
1682 2189 1881 2275 hemitro-

274 2369 318 2455 po
342 2357 465 2450 atque
493 2337 807 2451 Caesalpinieae
833 2339 957 2423 ovulo
984 2340 1263 2452 subanatropo
1290 2358 1337 2423 ut
1365 2337 1659 2450 Leptolobium
1688 2343 1882 2423 transitus

278 2493 453 2576 lormaut.
481 2538 539 2550 —
566 2487 847 2571 Orthoblastas
881 2508 1020 2573 autem
1056 2490 1206 2574 corolla
1234 2488 1519 2604 papilionaoea
1547 2491 1675 2571 nimis
1700 2491 1814 2572 inter
1840 2520 1882 2571 se

282 2636 429 2723 differre
458 2663 588 2747 quam
609 2655 654 2718 ut
683 2639 883 2749 coniungi
910 2641 1082 2752 possint,
1109 2637 1152 2720 id
1176 2637 1283 2721 mihi
1300 2666 1386 2719 non
1408 2639 1502 2719 satis
1524 2635 1744 2747 probatum
1768 2637 1882 2719 vide-

283 2810 341 2872 tur.
396 2786 605 2870 Brovvnea
636 2789 783 2870 omissa
818 2815 965 2869 omnes
993 2785 1210 2870 Geoflreae
1248 2816 1272 2869 a
1301 2784 1573 2869 Candollio
1611 2805 1879 2870 enumeratae

283 2939 361 3021 duas
379 2935 566 3019 formant
586 2937 717 3020 tribus
738 2962 916 3047 quarum
937 2963 1090 3048 genera
1114 2937 1222 3018 benc
1247 2938 1360 3018 inter
1379 2965 1422 3018 se
1442 2937 1719 3017 conveniunt:
1752 2962 1882 3017 unam

282 3083 462 3170 edracbi
491 3103 532 3168 et
561 3083 800 3168 Voandzeia
842 3083 1069 3200 (ulterioris
1095 3112 1239 3167 semen
1268 3083 1461 3166 nondum
1491 3082 1617 3196 vidi),
1657 3080 1828 3165 alteram
1858 3115 1880 3165 e

281 3229 502 3342 Geoffroya,
558 3231 740 3330 Andira,
794 3231 1107 3344 Brongniartia,
1163 3230 1392 3341 Dipteryge
1448 3228 1519 3343 (ad
1567 3258 1694 3340 quam
1742 3230 1882 3314 Ptero-

281 3381 345 3464 dcn
365 3377 420 3462 V.
451 3398 523 3464 aut
543 3377 871 3462 Commilobium
902 3377 945 3459 B.
972 3375 1146 3492 accedit)
1182 3381 1450 3488 compositam
1460 3405 1471 3477 ;
1508 3379 1752 3486 posteriores
1780 3378 1881 3461 Dal-

281 3531 436 3642 bergieis
471 3526 639 3612 fortasse
672 3529 831 3612 formae
865 3527 1062 3641 analogae
1095 3556 1189 3609 cum
1225 3526 1376 3637 quibus
1411 3525 1657 3607 Bentham
1692 3555 1758 3608 eas
1783 3556 1883 3610 con-

280 3679 409 3790 iungit.
466 3675 631 3760 Priores
656 3676 770 3760 idem
799 3676 850 3759 ad
873 3675 1126 3787 Hedysareas
1153 3673 1279 3757 refert
1308 3672 1452 3756 ductus
1480 3671 1655 3756 corollae
1680 3690 1882 3758 structura

284 3827 538 3940 Stylosanthis
557 3828 704 3926 simili,
732 3856 839 3939 quae
862 3855 959 3909 vero
987 3823 1215 3907 similitudo
1244 3822 1575 3933 lledysarearum
1606 3821 1885 3906 characterem

287 4007 356 4064 non
375 3981 522 4060 attinet
542 3976 613 4059 sed
633 3979 679 4059 in
709 3978 855 4086 quavis
883 3971 995 4057 tribu
1022 3998 1238 4055 occurrere
1265 3989 1412 4081 potest,
1440 3974 1496 4053 ita
1526 3988 1570 4052 ut
1592 3969 1700 4053 hanc
1720 4000 1884 4054 causam

292 4157 363 4214 non
391 4155 620 4242 agnoscam.
690 4125 806 4208 Inter
840 4123 1145 4235 Caesalpinieae
1179 4122 1427 4205 staminibus
1461 4121 1600 4203 liberis
1635 4120 1887 4222 Bovvdichia,

294 4276 578 4389 leptolobium,
610 4273 855 4391 (verisimile
883 4276 1009 4356 etiam
1040 4271 1318 4388 Acosmium,)
1355 4267 1605 4384 Tachigalia,
1634 4269 1772 4354 Cercis
1799 4289 1884 4354 tam

296 4424 412 4510 affines
425 4446 521 4510 sunt
537 4445 584 4509 ut
606 4428 649 4508 in
668 4425 825 4508 tribum
843 4425 1057 4539 propriam
1073 4424 1327 4535 coniungere
1347 4422 1472 4529 possis
1489 4418 1746 4535 [Sebipireae
1762 4417 1884 4534 m.*)]

301 4673 673 4684 ———.

357 4821 376 4888 *)
400 4816 439 4876 ld
453 4815 609 4894 Scbipireas
636 4813 718 4872 etiam
741 4812 943 4872 Scleroloblnm
968 4811 1035 4869 duxi
1059 4812 1151 4882 (Lino.
1168 4811 1223 4869 ΧΙ.
1240 4831 1269 4888 p.
1283 4802 1358 4878 395)
1380 4805 1460 4887 quod
1483 4822 1555 4860 nunc
1577 4797 1706 4858 excludo.
1753 4801 1785 4857 lo
1808 4801 1888 4878 lego.

403 4957 458 4994 men
480 4953 667 5013 compressum
692 4929 876 5005 indehisceus,
898 4942 1036 5013 quantum
1059 4930 1087 4988 in
1111 4926 1166 4988 hac
1189 4925 1265 4987 tribu
1288 4927 1324 4986 ad
1347 4923 1529 4984 characterem
1554 4918 1721 4978 essentialem
1744 4920 1889 4997 pertineat,

404 5056 550 5116 accuratius
572 5052 770 5136 inquirendum
793 5061 842 5109 est.
