4666 6758
674 490 751 565 tuo
1233 485 1277 558 C.
1300 483 1346 559 G.
1364 483 1461 560 Naso
1477 509 1521 559 aa
1541 484 1736 579 Essaaacrr,

675 733 724 816 in
756 728 988 842 specimine
1021 721 1369 813 Wallicbiano
1401 749 1525 836 supra
1557 724 1682 811 citato
1715 739 1824 807 setae
1857 720 1937 809 bae
1969 719 2101 835 plane
2138 710 2302 799 desunt.

676 877 869 963 Pluribus
898 891 1039 988 postea
1065 871 1366 988 speciminibus
1399 899 1422 956 a
1448 899 1518 956 me
1545 874 1814 975 examinatis,
1846 875 1895 957 in
1923 869 2002 957 hoo
2029 863 2213 984 quidem
2238 890 2305 955 me

677 1055 830 1114 errasse
850 1027 1028 1142 cognovi
1046 1023 1262 1138 multoque
1282 1024 1413 1138 magis
1433 1039 1574 1107 autem
1601 1025 1649 1107 in
1671 1052 1719 1107 eo
1740 1021 1853 1136 quod
1871 1017 2088 1107 schedulas
2108 1017 2163 1101 in
2182 1030 2313 1107 Μ.

675 1176 895 1291 proprium
931 1175 1182 1286 conscriptas
1214 1170 1305 1257 aliis
1337 1172 1506 1256 incaute
1538 1169 1813 1258 tradiderim,
1865 1171 2018 1257 Latent
2044 1166 2207 1257 iisdem·
2228 1164 2304 1285 snb

677 1326 868 1412 numeris
893 1343 984 1409 tum
1009 1324 1058 1407 in
1079 1320 1285 1408 Herbario
1305 1318 1655 1410 Wallichiano
1682 1340 1775 1406 tum
1800 1323 1848 1408 in
1869 1318 2178 1439 Wigbtiano
2202 1312 2309 1409 duas.

679 1503 776 1561 rum
802 1455 1007 1590 generum
1034 1471 1144 1581 bene
1179 1469 1472 1557 distinctorum
1505 1472 1679 1584 species3
1716 1467 1873 1555 similes
1901 1499 1975 1558 eae
2001 1464 2204 1583 quidem,
2233 1450 2309 1557 sd·-

679 1652 777 1711 mea
796 1620 968 1734 quidem
988 1622 1195 1705 sententie
1214 1622 1264 1705 in
1285 1618 1446 1732 anelysi
1466 1617 1667 1703 Familiae
1687 1617 1799 1703 baud
1822 1615 2085 1735 negligenda.
2141 1610 2296 1713 Hurnfl

679 1799 886 1889 generum
905 1770 1101 1868 alterum,
1125 1772 1194 1854 cui
1212 1772 1479 1884 Hoplostyls's
1499 1796 1656 1853 nomen
1677 1765 1793 1869 dedi,
1820 1770 1907 1853 iarn
1925 1768 2069 1881 paucis
2087 1762 2303 1873 illustrans]

680 1921 784 2006 dum
804 1938 880 2018 est,
905 1921 1067 2005 etiamsi
1087 1947 1175 2004 non
1197 1918 1327 2006 lectae
1346 1922 1430 2005 sint
1451 1920 1539 2005 eius
1558 1922 1713 2032 species
1731 1922 1778 2004 in
1800 1922 1954 2004 itinere
1974 1902 2298 2031 Meyeniand,

678 2071 832 2158 scilicet
853 2099 908 2155 ne
929 2069 991 2156 bis
1010 2089 1126 2156 terve
1153 2069 1332 2156 eandem
1359 2098 1452 2155 rem
1479 2067 1735 2182 descripsisse
1762 2067 1908 2156 videar
1933 2085 2060 2183 atque
2087 2093 2201 2176 novo
2225 2082 2292 2155 ω’-

682 2222 801 2306 mine
820 2217 1100 2334 appellavisse.
1160 2218 1376 2305 Molestam
1395 2217 1519 2304 fuisse
1538 2218 1630 2304 aliis
1650 2219 1863 2332 Synopsin
1889 2217 2008 2303 illam
2037 2216 2300 2333 cyperum-

681 2405 776 2456 rum
796 2399 925 2485 quam
944 2372 992 2455 in
1015 2368 1151 2453 lucem
1171 2366 1285 2454 edidi
1303 2368 1455 2468 fateor,
1473 2365 1544 2451 sed
1565 2365 1658 2450 tulit
1679 2366 1860 2452 fructum
1882 2394 2011 2480 quem
2032 2365 2152 2450 volui
2169 2368 2286 2459 scien

681 2524 765 2609 tiae
778 2539 958 2638 gratum,
978 2547 1057 2604 nec
1072 2516 1248 2603 deerunt
1263 2519 1339 2631 qui
1357 2515 1605 2631 intelligant,
1621 2514 1814 2628 analysin
1834 2518 2099 2629 synopticam
2121 2512 2286 2605 femine

682 2668 897 2755 cuiusdam
912 2665 1156 2780 plantarum
1174 2663 1430 2778 syllabum
1455 2691 1638 2748 esse-nec
1657 2661 1895 2747 codicem.

798 2814 976 2900 Ad'not
1006 2814 1045 2899 3.
1104 2814 1191 2898 Cel.
1221 2812 1399 2898 Kunth
1438 2811 1493 2900 ad
1530 2815 1907 2927 Rhyncbosporum
1942 2815 2288 2927 Walttelatam,

682 2995 789 3080 quae
809 2983 921 3050 certo
934 2953 1337 3078 sptueroscboenus'
1350 2965 1667 3048 Wallielu'umas
1687 2982 1836 3064 noster,
1856 2965 1953 3047 citat
1968 2930 2299 3076 captabula&

681 3150 782 3204 num
801 3115 1033 3230 quendam,
1049 3147 1230 3228 pascum
1250 3113 1375 3216 mihi,
1401 3143 1529 3227 quem
1549 3112 1912 3201 Kuntbianum
1940 3113 2193 3201 herbarium
2210 3128 2290 3231 pei·
2310 3114 2328 3219 ’-

682 3266 896 3353 lustrando
916 3268 974 3350 sic
993 3264 1210 3378 appellavi.
2323 3228 2328 3255 ⁴

798 3416 923 3518 Quod
943 3445 1026 3530 quo
1047 3418 1139 3500 iure
1158 3414 1314 3500 factum
1332 3416 1400 3516 sit,
1429 3442 1486 3499 an
1511 3416 1604 3500 iure
1628 3417 1824 3516 omnino,
1852 3414 2038 3500 iudicent
2058 3414 2290 3515 lecturum¹
2314 3400 2328 3435 '²

680 3569 751 3668 iis,
775 3595 882 3679 quae
901 3564 956 3654 ad
976 3565 1154 3649 verbum
1174 3596 1198 3648 e
1216 3563 1376 3648 schedis
1396 3567 1501 3649 meis
1521 3564 1798 3679 autographis,
1826 3563 2061 3649 Kuntbio
2083 3562 2172 3651 lida
2189 3568 2283 3683 ωρ
2326 3596 2328 3607 ·

681 3712 859 3812 traditis,
880 3711 949 3796 hic
967 3711 1228 3796 transscribo.
1284 3710 1352 3795 Ad
1371 3711 1415 3795 id
1436 3711 1727 3798 tantummodo
1747 3712 1924 3829 digitum
1944 3713 2140 3817 intendo,
2162 3710 2285 3805 Knn

681 3858 850 3959 thium
870 3859 921 3943 ad
942 3858 1095 3944 calcem
1112 3858 1537 3973 Rhynchosporarum
1558 3860 1742 3948 eundem
1764 3864 2191 3976 Cepbulcscltoenun
2204 3890 2289 3981 pus·

680 4038 792 4113 oum,
823 4034 950 4118 quern
978 4003 1031 4089 ad
1056 4008 1432 4121 Rhynclsosporum
1453 4012 1520 4095 W
1515 4013 1789 4096 alliclsianam
1809 4012 2022 4113 citaverat,
2047 4014 2169 4098 inter
2193 3978 2294 4129 spel

682 4160 781 4242 cies
799 4154 899 4241 sibi
919 4156 1135 4239 nonnisi
1154 4160 1365 4243 nomine
1386 4177 1534 4245 notas
1554 4160 1718 4278 (pm.
1740 4160 1875 4279 aas.)
1901 4165 2057 4246 iterum
2077 4160 2257 4251 adferre
2289 4200 2293 4213 ·

796 4455 1190 4566 Cephaloscltoemu
1204 4489 1365 4570 paruus
1384 4459 1435 4546 N.
1444 4459 1496 4544 ab
1506 4459 1552 4544 E.
1572 4459 1710 4545 culmo
1725 4460 2037 4574 monocepbalO,
2056 4486 2305 4575 caryopscos

679 4620 810 4690 rostro
849 4606 1038 4715 caryopsi
1077 4604 1253 4691 obovata
1296 4606 1778 4724 tuberculato-rugulosa
1818 4606 1945 4721 duplo
1985 4609 2180 4694 breviori·
2214 4606 2298 4693 basi

680 4750 871 4851 discreto,
909 4753 1005 4836 setis
1030 4757 1219 4866 caryopsi
1247 4754 1521 4872 longioribus,
1560 4754 1769 4842 involucri
1802 4756 2121 4872 subtetraphylli
2148 4754 2300 4845 foliolis

679 4899 791 4984 binis
809 4898 988 5012 capitulo
1008 4898 1233 5012 paucilloro
1252 4902 1509 5019 longioribus
1537 4905 1626 4990 basi
1646 4904 2004 5016 hirsuto-ciliatis,
2031 4906 2142 4994 foliis
2162 4907 2301 5022 planis

678 5046 900 5161 culmoque
920 5047 1009 5135 basi
1027 5047 1170 5134 solioso
1189 5048 1317 5164 plano
1333 5049 1499 5168 glabris
