4666 6758
762 526 985 624 Heputs'cas.
1065 552 1070 589 :
1610 526 1689 605 475

60 777 197 875 atquc
223 763 272 849 in
302 760 501 847 lmuinam
525 759 748 847 obovatam
781 766 1010 849 concavam
1041 762 1188 849 folium
1209 764 1487 877 superantem
1507 786 1691 877 expansa

63 936 168 995 vere
186 910 519 1036 cochlearifornri
543 929 614 996 aut
631 910 868 1024 spathulata.
924 912 1028 999 liele
1048 912 1171 1027 paulo
1192 913 1322 1001 laxius
1340 913 1558 1001 videbatur
1575 944 1625 1001 ac
1643 917 1691 1001 in

67 1062 122 1147 1..
145 1066 298 1147 nitrea.
340 1062 642 1178 Amphigastria
660 1060 759 1147 folio
775 1064 847 1147 sni.
858 1062 993 1150 lateris
1005 1066 1305 1179 approximate,
1321 1063 1480 1151 laciniis
1494 1064 1690 1151 subulatis

65 1237 91 1293 e
109 1208 292 1324 simplici
310 1210 547 1297 cellularum
565 1214 672 1297 serie
692 1215 917 1305 exstructis.
1075 1290 1079 1297 .

184 1432 393 1545 Lejcuaia
411 1436 548 1517 vitrea
566 1430 617 1515 N.
632 1430 684 1515 ab
698 1432 767 1535 E„
796 1432 1003 1519 Lindcnb.
1024 1452 1064 1519 et
1085 1433 1281 1519 Gottscbe
1306 1432 1330 1520 l.
1351 1464 1385 1519 c.
1407 1432 1521 1518 caule
1540 1436 1691 1548 pinua-

66 1579 144 1665 lim
165 1576 472 1692 decomposita,
497 1576 604 1663 loliis
631 1578 855 1692 explanatis
881 1580 1185 1667 subimbricatis
1210 1581 1378 1697 oblique
1397 1582 1584 1687 obovatis
1602 1581 1692 1667 basi

67 1730 286 1815 attenualis
304 1727 579 1813 subtruncatis
596 1727 880 1813 rotundansve
893 1733 1080 1847 margine
1096 1729 1496 1818 mmicato-dentatis
1515 1732 1691 1845 hyalinis

67 1878 213 1966 subtm
233 1878 499 1993 complicatis,
521 1878 661 1965 lobulo
682 1880 811 1984 brevi,
839 1880 975 1967 fructu
993 1880 1146 1967 laterali
1169 1882 1310 1986 scssili,
1336 1880 1576 1994 periantbiis
1594 1908 1691 1995 par-

68 2032 131 2117 via
151 2030 338 2117 obovnis
358 2028 658 2144 quinqucalatis
685 2033 803 2144 apice
823 2034 1055 2117 carentibus
1082 2002 1246 2147 (pistillo
1267 2033 1392 2117 ctiam
1411 2030 1690 2145 perianthium

67 2180 300 2297 perfectum
319 2184 567 2295 superante).
669 2296 672 2301 Ι

271 2334 547 2432 Jungermannia
563 2332 673 2405 vitrea
689 2335 736 2406 Ν.
759 2334 818 2406 ab.
840 2334 883 2405 E.
906 2336 1001 2431 Hep.
1024 2334 1105 2407 Ian.
1125 2336 1236 2431 1256.
1260 2334 1363 2410 ars.

185 2464 236 2583 ln
269 2466 364 2551 lava
391 2468 524 2553 insula
558 2466 611 2551 ad
637 2466 781 2552 folium
815 2466 1134 2581 semiputridum
1166 2495 1299 2581 pauca
1326 2468 1554 2579 specimina
1586 2496 1609 2549 a
1645 2466 1692 2550 cl.

68 2612 246 2701 Blume
263 2617 443 2702 inventa.
455 2666 515 2683 -
527 2614 578 2702 In
596 2614 747 2701 Manila
766 2617 900 2703 insula
916 2618 967 2703 ad
981 2615 1152 2702 frondes
1166 2616 1397 2703 Acrosticbi
1417 2615 1632 2702 cuiusdam
1653 2632 1693 2700 et

68 2762 541 2853 Orobidcaecuiusdam
566 2766 762 2879 (Meyen).

184 2910 411 3028 Spe'cimen
435 2914 662 3000 Manilense
687 2917 835 3033 magis
854 2932 914 2999 cst
941 2934 1176 3019 ramosum,
1207 2912 1470 3017 subinscum‚
1503 2912 1694 3027 foliisque

68 3065 318 3151 minoribus.
376 3066 676 3183 Amphigaslria
702 3092 808 3151 num
835 3064 972 3185 desint¹
996 3066 1171 3183 omnino
1197 3062 1354 3150 dubim.
1410 3064 1461 3150 ln
1484 3064 1693 3179 Lejcuns‘a

64 3194 210 3299 ¹ns'trec
228 3213 518 3331 ampbigastria
538 3184 848 3337 observavimus
872 3210 1022 3329 (Ldbg.
1043 3230 1082 3297 et
1101 3210 1151 3297 N.
1170 3212 1223 3295 ab
1242 3213 1320 3323 E.).

175 3430 562 3510 srnrurncmm
587 3434 637 3509 n.
658 3448 695 3508 et
710 3434 764 3507 u.
791 3440 829 3509 a.
845 3442 938 3511 Am..
961 3438 1030 3507 ses
1045 3459 1096 3507 ω.
1118 3414 1191 3505 aar.
1214 3440 1256 3510 ee
1274 3435 1391 3509 sare.
1415 3437 1456 3507 r.
1477 3442 1586 3533 pse.

579 3574 689 3645 Endl.
711 3574 801 3645 Gen.
821 3598 859 3670 p.
882 3576 989 3646 1339.
1012 3599 1044 3643 n.
1060 3560 1184 3665 mli.

188 3706 519 3825 Sympbycpyna
536 3690 707 3793 sinuata
736 3706 792 3791 M.
812 3724 851 3791 ct
869 3706 920 3791 N.
950 3708 995 3789 in
1023 3702 1255 3823 d’Orbigny
1280 3734 1375 3819 voy.
1402 3705 1505 3792 dans
1529 3705 1694 3793 l'Amcr.

72 3856 222 3946 mbrid.
241 3858 329 3943 bot.
349 3858 466 3971 per.
526 3858 578 3943 N.
598 3858 650 3942 ab
671 3858 739 3963 E„
760 3856 964 3941 Lindcnb.
986 3874 1026 3939 et
1046 3853 1243 3941 Gottscbe
1263 3856 1440 3969 Synops.
1461 3854 1563 3971 Hep.
1583 3855 1694 3944 incd.

165 4020 168 4027 '
276 4010 553 4111 Jungcrmsnnia
570 4012 706 4083 sinuata
722 4012 877 4085 chrtz.
933 4010 1092 4083 ΝΛΜ.
1115 4014 1154 4082 ia
1171 4010 1284 4083 Mart.
1303 4012 1481 4084 nrum.
1504 4012 1536 4083 1.
1556 4016 1691 4109 peso.

376 4176 409 4220 n.
433 4153 466 4223 9.
489 4144 589 4247 (cum
606 4146 748 4247 syrien)
820 4210 824 4219 .
1298 4136 1303 4145 ¹

191 4284 326 4397 Prope
344 4282 426 4367 Rio
447 4278 500 4363 de
518 4280 681 4365 laneiro
701 4281 747 4365 in
769 4298 910 4364 monte
931 4278 1194 4383 Corcovado,
1215 4278 1254 4365 d.
1277 4280 1343 4365 10.
1362 4274 1480 4367 Mart.
1499 4279 1657 4369 sterilis.

552 4514 646 4627 μ.
687 4515 1212 4589 murmurum.

125 4686 469 4762 nauculam
494 4688 602 4759 Linn.
629 4684 742 4789 (cbap.
764 4684 927 4787 rcicrm.)
963 4690 1017 4760 N.-
1032 4688 1082 4759 ab
1099 4688 1140 4759 E.
1155 4688 1258 4783 Περ.
1280 4688 1368 4759 Eur.
1392 4686 1458 4759 17.
1476 4713 1515 4784 p.
1534 4690 1585 4764 57
1608 4698 1646 4761 el

385 4870 392 4883 ·
433 4828 585 4899 XXIX.
641 4830 751 4900 Ennii.
775 4830 865 4901 Gen.
886 4828 986 4921 ple
1005 4830 1170 4899 211358.
1192 4827 1328 4898 allo.

192 4964 470 5049 Mcccbcntia
488 4964 757 5047 Bertcrccna
777 4961 823 5045 L.
837 4977 877 5044 el
888 4960 936 5043 L.
954 4961 1001 5043 in
1021 4956 1166 5042 Lehm.
1186 4986 1282 5074 pug.
1300 4956 1355 5071 pl.
1378 4954 1446 5043 Vl.
1464 4986 1506 5071 p.
1516 4958 1587 5043 21.
1606 4960 1696 5043 n.1.
1808 4978 1811 4985 '

68 5113 131 5199 Ν.
152 5112 208 5201 ab
225 5112 295 5217 E„
323 5108 531 5199 Lindcnb.
551 5130 592 5197 ct
611 5112 809 5209 Gcctsche
834 5111 1011 5225 Synops.
1029 5108 1136 5223 Hep.
1153 5108 1265 5195 in'ed.
1452 5132 1457 5137 ·
1575 5114 1578 5119 ’
