4666 6758
911 495 1191 587 Leguminosae.
1806 503 1851 572 ’13

377 734 478 823 Peru,
508 724 681 839 Lagona
708 725 759 809 de
784 727 980 827 Titicaca,
1010 725 1109 811 altit.
1134 729 1308 829 12900‘,
1339 761 1481 817 mense
1501 733 1621 834 Julii;
1673 732 1725 818 ad
1747 735 1851 816 Are.

304 893 399 1007 Ψήρα,
422 871 617 953 Peruviae
637 871 805 972 urbem,
835 899 978 955 mense
999 872 1145 984 Aprili.

869 1107 1134 1180 PSORALEA
1174 1112 1217 1181 L.

338 1263 389 1341 ps.
404 1246 652 1356 plandulose
679 1242 723 1325 L.
751 1243 828 1361 (sp.
859 1243 1002 1360 1075).
1081 1244 1133 1327 In
1169 1246 1362 1357 Myrcetis
1398 1250 1504 1330 circa
1535 1248 1776 1360 Valparaiso
1813 1271 1851 1332 et

439 1391 475 1472 S.
495 1389 613 1505 Jag0,
638 1391 770 1475 Chile.
829 1392 887 1474 Fl.
909 1373 1147 1476 Februario,

335 1592 386 1670 Ps.
404 1578 668 1688 lasiostacltys
688 1604 729 1659 n.
749 1605 806 1687 sp.
829 1578 998 1676 viscosa,
1019 1577 1263 1688 pubescens,
1283 1575 1544 1691 glandulosa,
1570 1577 1677 1661 soliis
1699 1582 1853 1690 pinna-

439 1724 514 1802 tim
542 1719 811 1819 3-loli0latis,
847 1719 996 1803 foliolis
1023 1719 1477 1833 oblongo-lanceolatis
1502 1724 1597 1835 pilis
1626 1724 1852 1809 hincinde

438 1865 637 1977 adspersis
657 1870 857 1979 utrinque
870 1866 1134 1980 glandulosis,
1156 1868 1400 1979 pedunculis
1421 1871 1518 1953 lolio
1540 1872 1671 1955 multo
1693 1873 1852 1987 longio-

436 2016 569 2113 ribus,
593 2018 704 2125 spica
726 2016 811 2099 basi
830 2018 1064 2127 interrupta
1086 2015 1375 2129 calycibusque
1396 2018 1573 2103 hirsutis.

363 2161 490 2246 Cauiis
509 2161 752 2264 frutescens,
780 2164 924 2276 petioli
944 2183 983 2246 et
1003 2164 1228 2275 pedunculi
1257 2165 1433 2249 inferior
1460 2168 1572 2250 nuda
1595 2199 1688 2278 pars
1708 2174 1852 2252 viscosi

278 2312 441 2437 glandulis
466 2310 672 2395 sessilibus
696 2315 792 2395 tecti
812 2312 1092 2424 pubescentes.
1151 2312 1332 2396 Petiolus
1359 2314 1714 2425 sesquipollicaris.
1773 2315 1852 2398 Fo-

278 2465 341 2552 liola
358 2479 480 2557 acuta,
499 2462 560 2540 2¹¹
581 2459 714 2573 longa,
735 2458 932 2571 petiolulo
954 2459 1080 2542 dense
1100 2461 1351 2572 pubescente
1371 2464 1446 2542 ΞΜ
1469 2461 1739 2574 longitudine.
1777 2463 1852 2545 Pe·
1900 2525 1906 2532 .

274 2610 439 2700 duncnlus
460 2627 776 2720 erecto-patens
797 2627 867 2692 aut
888 2607 1159 2709 adscendens,
1189 2638 1321 2720 usque
1342 2611 1401 2691 gn
1422 2609 1585 2723 longus,
1614 2640 1737 2722 supra
1765 2640 1853 2693 me-

269 2767 354 2849 dium
378 2763 534 2871 spicam
559 2787 706 2874 gerens
733 2758 820 2841 basi
848 2787 997 2868 parum
1026 2760 1305 2870 interruptam
1333 2761 1478 2871 ibique
1505 2779 1550 2842 ut
1576 2761 1733 2872 calyces
1761 2760 1854 2870 pilis

266 2912 368 3022 longis
388 2926 426 2989 et
448 2906 553 2990 albis
579 2925 619 2988 et
640 2910 769 3020 nigris
795 2905 921 2989 dense
943 2909 1120 2990 vestitus.
1182 2909 1348 2991 Bractea
1376 2908 1728 3022 oblongo-ovata,
1757 2939 1853 2993 acu-

261 3065 411 3156 minata,
440 3075 558 3138 extus
577 3055 672 3165 pilis
692 3054 840 3138 iisdem
862 3073 984 3154 tecta,
1013 3084 1110 3137 mox
1132 3053 1317 3139 decidua.
1380 3055 1514 3168 Calyx
1542 3055 1853 3167 campanulato-

257 3208 460 3306 tubulosus,
481 3206 556 3287 llll
577 3204 733 3318 longus.
792 3204 956 3287 Corolla
977 3203 1162 3315 calycem
1178 3232 1329 3317 parum
1350 3231 1549 3316 superans
1570 3199 1767 3321 (luteal),
1787 3233 1855 3286 ca-

255 3365 326 3445 rina
352 3359 470 3469 apice
498 3383 719 3468 purpurea.
784 3353 972 3437 Stamina
1000 3353 1232 3465 diadelpha.
1300 3354 1517 3467 Legumen
1547 3382 1633 3435 non
1663 3353 1761 3436 vidi.
1797 3403 1852 3413 -

254 3504 385 3588 Habitu
405 3498 528 3584 valde
548 3499 599 3582 ad
615 3498 847 3583 Psoraleam
867 3498 1153 3614 glandulosam
1174 3499 1347 3598 accedit3
1378 3497 1512 3582 affinis
1527 3498 1693 3583 videtur
1708 3500 1852 3582 Psora-

256 3659 321 3740 leae
339 3652 583 3765 pubescenti
608 3667 648 3731 et
668 3648 928 3732 divaricatae.

346 3799 398 3882 ln
420 3798 634 3881 montibus
654 3827 784 3908 prope
804 3797 986 3880 Taenam
1009 3794 1229 3893 Peruviae,
1250 3793 1349 3908 altit.
1363 3795 1591 3877 2-30001.
1631 3794 1690 3876 Fl.
1708 3793 1854 3906 Aprili.

302 3987 367 4067 Ps.
389 3985 633 4090 marpinato
654 3977 806 4089 Meyen
829 3977 971 4094 (Reise
992 3974 1023 4059 Ι.
1044 4006 1082 4086 p.
1096 3973 1215 4090 436).
1258 3973 1387 4056 Caule
1407 3972 1652 4085 pedunculis
1673 3973 1854 4085 petiolis-

434 4154 517 4239 que
534 4125 886 4225 albido-hirsutis,
908 4124 1014 4207 loliis
1030 4126 1243 4236 pinnatim
1262 4121 1524 4221 3-loliolatis,
1545 4121 1692 4205 foliolis
1706 4121 1854 4205 oblon-

434 4279 496 4390 gis
516 4277 840 4360 subacuminatis
856 4276 1108 4358 mucronatis
1124 4275 1324 4384 utrinque
1338 4271 1656 4382 pubescentibus
1677 4290 1716 4354 et
1735 4272 1853 4386 glan-

436 4425 606 4525 dulosis,
633 4429 754 4538 spicis
775 4426 912 4509 densis
932 4424 1120 4538 oblongis
1141 4422 1236 4505 lolia
1257 4422 1621 4532 subaeqnantibus.

357 4574 602 4658 Frutescens.
661 4574 838 4657 Petiolus
860 4573 1111 4685 bipollicaris
1132 4591 1171 4654 et
1192 4570 1312 4653 ultra.
1371 4569 1528 4652 Foliola
1549 4567 1854 4682 lato-oblonga,

276 4729 361 4836 apice
386 4727 427 4807 in
454 4754 631 4807 acumen
661 4725 854 4807 obtusum
877 4741 1086 4804 attenuata
1116 4720 1278 4835 (saltem
1300 4722 1345 4801 in
1368 4717 1512 4832 sicco),
1548 4720 1737 4832 margine
1756 4718 1853 4800 sub-

276 4871 454 4996 undulata,
472 4870 821 4982 subbipollicaria.
882 4869 1067 4981 Stipulae
1089 4868 1356 4966 lanceolatae,
1378 4866 1579 4966 hirsutae,
1601 4868 1676 4946 2²²!
1698 4866 1853 4980 longae.

276 5020 496 5105 Pedunculus
518 5038 624 5103 totus
649 5020 981 5134 sesquipollicem
1015 5019 1162 5135 longus
1196 5035 1235 5101 et
1262 5043 1410 5129 parum
1442 5015 1569 5118 ultra;
1613 5011 1734 5098 flores
1758 5015 1853 5098 sub-
