4830 6764
394 466 469 540 tut
951 458 995 533 C.
1018 456 1064 533 G.
1084 457 1183 533 Nm
1196 484 1240 533 aa
1258 456 1454 551 limeum,

392 700 573 789 llincee
591 697 757 813 longae,
780 713 943 797 cratae,
969 699 1088 810 apice
1106 693 1162 780 ud
1185 696 1395 810 οιίὲίηοω
1421 693 1603 808 cnapidia
1627 696 1792 811 integro
1819 693 2016 782 bidenta-

393 872 507 951 tova,
526 877 622 934 eum
641 845 1006 964 apiculieglabraa.
1064 843 1233 960 Spicula-
1250 843 1445 931 fertilia
1465 843 1539 931 lin.
1558 842 1693 961 longa.
1749 844 1906 932 Gluma
1925 849 2017 960 pri·

393 1001 528 1086 maria
554 996 800 1100 lanceolata,
828 996 1053 1083 bidentata.
1125 998 1259 1082 Ariete
1277 995 1422 1114 (aeta),
1447 1013 1654 1110 quantum
1683 1000 1915 1110 prominet,
1941 999 2017 1084 aix

392 1151 549 1267 apicula
570 1151 745 1269 longior.
808 1149 1000 1264 Spiculae
1018 1147 1291 1263 pedicallatac
1308 1177 1430 1263 caepe
1449 1165 1625 1234 neutrae
1644 1165 1717 1234 aut
1737 1153 1868 1266 magia
1886 1151 2017 1236 ctiam

394 1299 683 1417 incompletae.

508 1522 686 1637 Apludu
706 1508 954 1606 communale:
981 1514 1126 1641 gluma
1146 1517 1347 1632 primario
1369 1514 1792 1639 pubeacenti-scabra,
1811 1514 2018 1667 pedicello

395 1672 613 1759 communi
626 1667 783 1785 spicula
796 1665 923 1755 fertili
936 1665 1064 1782 duplo
1079 1662 1448 1807 breuioriflosculo
1462 1662 1589 1799 l'ertili
1603 1669 1780 1755 aristeto.
1801 1662 2014 1754 tat-Are.

396 1834 438 1908 el
455 1823 513 1911 Ν.
537 1823 591 1907 ab
610 1822 667 1906 Ε.
693 1817 834 1905 Glum.
856 1819 956 1902 led.
980 1847 1045 1903 or.
1106 1806 1174 1905 Ν.
1189 1818 1242 1902 ab
1261 1818 1318 1902 Ε.
1342 1822 1387 1904 in
1409 1816 1575 1931 Wiplt.
1600 1815 1695 1907 Cat.
1718 1812 1900 1909 tolli&

597 2001 737 2107 Apluda
754 2003 895 2075 arietata
911 2003 1032 2079 Roxb.
1048 2003 1105 2077 Fl.
1123 2003 1207 2077 Iud.
1226 2028 1277 2077 or.
1302 2004 1334 2075 Ι.
1352 2006 1488 2103 pout.
1512 2008 1570 2080 cd.
1592 2001 1675 2077 Cur.
1694 2014 1732 2079 et
1744 2005 1912 2101 Wullrp.
1925 2006 2013 2079 ⁸26.

697 2166 729 2211 n
752 2145 785 2214 2.

596 2275 837 2380 Andropogon
857 2275 1054 2378 cymburius
1071 2277 1192 2350 Boeo,
1213 2278 1302 2351 Tau.
1322 2281 1412 2375 pict.
1436 2280 1520 2353 884.

598 2411 839 2515 Andrcpcgon
859 2411 984 2486 lioltiln
1000 2424 1037 2486 el
1053 2409 1192 2514 Apludu
1211 2409 1337 2483 liubila
1359 2412 1472 2485 Heri».
1495 2412 1649 2486 Humili,
1671 2440 1703 2485 n
1715 2417 1826 2489 2517.

513 2570 610 2665 ¹Per
629 2608 802 2665 omnem
831 2579 998 2666 Indiam
1025 2580 1295 2683 orientalem,
1320 2585 1367 2668 in
1392 2581 1615 2667 Peninaula
1645 2600 1685 2666 et
1711 2578 2021 2681 Coromandel,

398 2730 547 2831 Klein,
574 2727 752 2830 liottler,
778 2728 1026 2845 lioxburgh‚
1053 2727 1222 2846 Wight,
1250 2727 1439 2832 Griffitli3
1482 2732 1530 2814 in
1560 2728 1838 2820 llindcstania
1863 2726 2023 2831 media,

395 2879 447 2966 ad
468 2874 938 2993 Monghir,Ha1niltcn;
976 2878 1025 2962 in
1048 2874 1292 2990 Hirnaleyae
1310 2880 1426 2992 iugo,
1450 2874 1594 2992 lioyle.
1631 2899 1666 2975 a

510 3023 686 3110 Culmus
718 3023 806 3109 basi
840 3020 960 3108 valde
993 3051 1156 3138 repens.
1233 3023 1350 3111 Folia
1381 3004 1714 3146 lurcv'ipctiolata,
1752 3026 2022 3129 ecaberrimn,

395 3175 560 3294 glauca,
581 3170 805 3258 latiuacula.
848 3171 1112 3286 spicularum
1131 3171 1313 3259 fasciculi
1334 3173 1436 3277 laxi,
1455 3176 1634 3263 incurvi.
1680 3173 2022 3263 itaeomelin.

396 3328 563 3443 longae,
589 3323 811 3440 oblongae,
841 3323 918 3408 sub
938 3321 1108 3438 cuspide
1128 3322 1356 3412 lanceolata
1375 3323 1631 3428 bidentatac,
1658 3323 1837 3442 glabrae.
1895 3323 2023 3413 Pedi-

395 3475 521 3563 callus
540 3475 778 3560 communia
795 3472 953 3589 apicula
975 3472 1103 3559 fertili
1123 3472 1301 3560 brevior.
1359 3472 1525 3590 Spicula
1552 3472 1700 3562 fertilia
1724 3473 1753 3558 3
1781 3473 1855 3562 lin.
1883 3472 2026 3595 longa.

394 3624 549 3711 Gluma
588 3625 790 3736 primaria
830 3620 1266 3725 lineari-lanceolata,
1312 3622 1544 3724 bidentata,
1582 3623 2026 3740 pubescenti-embra.

397 3777 533 3858 Aristo
551 3768 709 3885 apicula
728 3770 855 3887 duplo
877 3770 1052 3892 longior.

508 3991 686 4101 Apum
715 3999 926 4075 rostratae
967 3989 1108 4106 gluma
1135 3992 1335 4103 primaria
1359 3988 1524 4105 glabra,
1562 3989 1765 4105 padicello
1797 3999 2025 4083 communi

395 4134 595 4250 apiculam
615 4135 796 4222 fertilem
816 4157 1023 4252 aequante
1042 4157 1114 4224 aut
1133 4139 1273 4254 paullo
1287 4141 1483 4243 breviori,
1503 4137 1670 4227 flosculo
1688 4140 1820 4230 fertili
1838 4138 2024 4241 effla.

398 4288 608 4373 W.-Am.
639 4298 683 4373 et
705 4288 764 4376 Ν.
788 4290 841 4373 ab
860 4289 917 4373 Ε.
950 4288 1094 4375 Glem.
1120 4291 1221 4375 led.
1251 4321 1318 4376 or.
1402 4292 1461 4380 Ν.
1485 4293 1539 4377 ab
1558 4293 1615 4376 Ε.
1645 4296 1691 4377 iet
1720 4286 1888 4407 thtti
1917 4292 2022 4383 Cai-

395 4471 440 4521 n.
467 4435 591 4520 1714.

510 4583 560 4669 In
582 4583 809 4674 Peninaula
829 4584 921 4671 lnu
941 4613 1020 4689 or.;
1048 4589 1097 4672 in
1117 4586 1279 4700 Ceylon
1299 4585 1463 4688 incula,
1483 4585 1747 4683 waima

509 4733 687 4821 Culmus
717 4733 911 4838 diffuaua,
947 4764 1117 4849 rapena·
1167 4735 1286 4822 Folia
1314 4735 1457 4852 longe·
1487 4737 1716 4851 petiolum.
1741 4736 2022 4853 spicularum

394 4883 579 4975 insomnii
604 4884 840 4986 leximculi,
876 4888 1058 4973 incurvi.
1127 4885 1323 4973 Bracmae
1346 4886 1378 4971 4
1403 4885 1479 4977 lin.
1497 4887 1913 5007 longae„nblongae,
1937 4890 2023 4979 auh

395 5029 565 5145 uttepitlo
574 5026 1140 5147 munaueencltcutmque
1154 5030 1643 5152 dmtloulotucglabiao.
1667 5035 2024 5151 sptem-ludit·
