4666 6758
351 454 374 523 6
1032 450 1102 520 Tri.
1131 447 1269 538 Vosne,

351 686 452 770 hinc
471 685 675 770 Geoffreis
695 682 874 768 affinem.
933 681 1167 797 Tachigalia
1192 680 1294 766 'vero
1322 710 1418 765 curn
1445 679 1536 764 aliis
1554 680 1854 794 Caesalpinieis
1882 699 1969 763 tam

352 854 461 919 arcte
480 837 702 917 coniuncta
723 852 797 933 est,
824 851 870 916 nt
890 831 969 917 hoc
988 860 1155 944 quoque
1174 828 1342 914 suadeat
1362 829 1463 912 haec
1481 855 1634 943 genera
1656 856 1744 913 non
1773 828 1825 913 ad
1846 827 1970 942 Papi-

352 984 556 1066 lionaceas
576 984 751 1086 referre3
780 983 895 1067 idem
915 979 1176 1095 praefloratio
1197 978 1392 1064 carinalis
1407 977 1590 1062 Cercidis
1610 979 1768 1090 probat.
1807 977 1970 1061 Verisi-

351 1129 451 1213 mile
483 1149 542 1214 est
574 1131 709 1215 adhuc
741 1131 819 1215 elia
846 1157 1001 1242 genera
1036 1129 1117 1212 huc
1151 1131 1380 1240 pertinere,
1420 1145 1460 1210 et
1493 1129 1702 1238 imprimis
1736 1126 1970 1210 Bauhiniae

352 1276 564 1389 legumine
583 1278 871 1362 indehiscente
887 1276 1189 1395 (Caulotretns)
1208 1274 1325 1359 valde
1347 1272 1489 1358 affines
1508 1293 1616 1357 sunt.
1660 1274 1969 1358 Difficillimum

352 1449 450 1504 vero
478 1441 536 1506 est
563 1427 648 1507 iam
679 1452 794 1507 nunc
814 1423 1195 1535 Caesalpiniearum
1226 1422 1357 1506 tribus
1384 1423 1504 1504 certis
1531 1418 1684 1504 finibus
1710 1425 1969 1505 circumscri-

352 1572 463 1669 bere,
484 1575 582 1682 qnia
602 1574 693 1656 sine
714 1572 841 1655 dubio
858 1601 946 1655 non
962 1602 1090 1683 pauca
1111 1600 1263 1686 genera
1284 1574 1558 1682 inposterum
1579 1570 1828 1682 reperienda
1849 1571 1969 1654 nobis

353 1717 487 1800 adhuc
505 1722 647 1832 ignota
667 1740 775 1819 sunt,
796 1750 927 1832 quum
950 1750 1051 1832 quas
1071 1723 1280 1831 imprimis
1300 1717 1490 1802 incolunt
1511 1737 1644 1801 terrae
1665 1721 1805 1802 minus
1825 1721 1970 1830 inqui-

352 1870 452 1948 sitae
475 1870 570 1950 sint.

468 2015 612 2097 Fusius
637 2022 887 2101 sententiam
915 2048 1051 2101 meam
1074 2019 1126 2101 de
1145 2021 1404 2128 systematico
1426 2016 1798 2129 Leguminosarnm
1821 2014 1972 2099 ordine

352 2162 668 2272 proponendam
692 2195 774 2247 esse
795 2166 952 2249 credidi
975 2185 1019 2248 ut
1039 2165 1311 2278 intelligatur,
1341 2193 1415 2246 cur
1429 2192 1559 2277 genus
1576 2193 1734 2247 novum
1753 2163 1972 2276 Marquar-

354 2312 455 2390 tiam
477 2309 530 2392 ad
548 2308 852 2421 Caesalpinieas
873 2314 1062 2410 referam,
1083 2315 1239 2422 qnippe
1260 2340 1366 2421 quae
1389 2342 1411 2391 e
1430 2288 1591 2392 semine
1613 2310 1743 2427 (qnod
1767 2338 1854 2392 non
1877 2314 1972 2392 satis

354 2455 606 2566 completum
620 2456 769 2540 vidisse
784 2457 904 2542 valde
926 2459 1064 2575 doleo)
1086 2460 1209 2543 evulo
1231 2479 1431 2570 anatropo
1447 2458 1631 2568 praedita
1649 2458 1848 2542 videatur.
1900 2459 1972 2542 In-

355 2624 417 2686 ter
445 2603 657 2688 Geoffreas
689 2604 1068 2691 Candolleanas
1103 2627 1148 2690 ut
1175 2628 1298 2719 typus
1326 2612 1469 2690 tertiae
1497 2608 1628 2690 tribus
1656 2636 1771 2691 nunc
1798 2607 1972 2719 quidem

356 2754 520 2835 lortasse
547 2751 834 2837 enumeranda
864 2760 959 2857 erit;
989 2756 1059 2839 sed
1080 2757 1225 2839 formis
1245 2785 1412 2868 quoqne
1432 2757 1817 2868 Papilionacearnm
1834 2763 1974 2843 consi-

355 2901 505 2984 deratis
530 2906 691 2986 semine
719 2903 1112 3020 plano-compresso
1149 2924 1188 2987 et
1223 2903 1435 3019 legumine
1470 2904 1706 2989 dehiscente
1741 2907 1973 3020 habituque

355 3051 449 3130 satis
471 3049 521 3131 ab
542 3052 739 3133 omnibus
762 3057 869 3134 notis
890 3055 1113 3167 generibus
1133 3053 1299 3137 recedit.

473 3198 661 3280 Auctoris
694 3201 854 3309 saepius
890 3203 1002 3283 citati
1036 3204 1282 3314 opinionem
1318 3228 1394 3311 pro
1430 3202 1588 3284 virib'us
1615 3203 1794 3286 refutare
1821 3207 1972 3309 studui,

358 3372 412 3425 ne
434 3348 652 3429 auctoritas
672 3348 777 3444 eius,
804 3351 962 3456 optimo
990 3351 1082 3430 iure
1110 3353 1221 3431 inter
1245 3349 1456 3431 botanicos
1475 3378 1656 3446 summa,
1683 3351 1782 3435 alios
1801 3355 1972 3439 inducat

355 3523 445 3576 rem
475 3496 715 3606 quaemihi
745 3496 864 3579 valde
893 3498 1016 3582 dubia
1047 3500 1211 3583 videtur
1239 3503 1323 3582 iarn
1353 3498 1514 3583 finitam
1543 3501 1713 3600 habere,
1748 3522 1788 3586 et
1813 3523 1860 3587 ut
1886 3510 1971 3617 ipse

356 3671 463 3754 qnae
495 3642 563 3725 hic
598 3644 844 3758 protulerim
880 3647 1146 3731 consideratis
1180 3647 1319 3731 denuo
1353 3651 1399 3731 in
1436 3653 1654 3734 materiem
1683 3648 1969 3736 difficillimam

356 3793 553 3900 mmmt
