4666 6758
948 458 1187 533 Gramineus.
1377 544 1381 551 ¹
1810 457 1880 529 lbi

370 691 573 806 Spiculae
592 690 795 808 singulari
813 689 939 777 modo
963 690 1046 777 sibi
1063 693 1338 795 incumbunt,
1364 711 1410 781 ut
1429 721 1552 809 saepe
1569 690 1687 780 2-3
1705 691 1886 778 coniun-

255 843 556 959 morarios
575 839 816 958 plurillorsc
832 843 1015 956 speciem
1034 842 1276 955 praebeant.

370 1058 504 1193 Serpa
517 1107 714 1193 pungens
733 1074 784 1162 N.
799 1093 839 1161 et
851 1074 909 1162 M.
927 1074 1085 1192 Mcpcn
1104 1080 1153 1162 ir.
1174 1075 1214 1160 1.
1233 1072 1389 1190 pasl.
1409 1085 1452 1161 et
1468 1076 1531 1162 11.
1543 1075 1670 1190 psa.
1689 1077 1883 1191 panicula

263 1218 544 1355 &composita
563 1242 771 1312 contracta
792 1224 1033 1341 spicilormi,
1051 1225 1182 1316 ramis
1199 1221 1455 1329 fasciculatis,
1473 1223 1626 1342 glumis
1646 1222 1887 1340 aequalibus

263 1356 693 1467 liud-lanceolam
713 1378 961 1462 acuminatis
980 1375 1164 1490 hyalinis
1183 1371 1350 1461 flosculo
1371 1374 1498 1492 duplo
1518 1375 1791 1495 longioribus,
1811 1372 1886 1461 flo-

265 1504 375 1613 colo
398 1523 596 1614 subulato
622 1523 782 1611 hirsuto
809 1527 925 1638 apice
951 1521 1331 1640 pappam-villoso,
1358 1523 1469 1610 villis
1497 1521 1712 1610 flosculum
1740 1524 1886 1611 subae-

271 1675 510 1794 quuntibus,
536 1678 661 1762 arista
687 1673 831 1792 gracili
855 1675 999 1762 scabra
1015 1673 1184 1789 apiculis
1210 1673 1482 1788 triplo-villis
1506 1676 1672 1761 verticis
1698 1675 1887 1790 sextuplo

275 1824 463 1947 longiori,
482 1824 591 1912 foliis
609 1824 1034 1913 convoluto-setaceis
1051 1825 1200 1911 strictis
1219 1823 1363 1942 rigidis
1384 1814 1575 1943 margine
1593 1824 1758 1911 scabris.

227 2002 231 2025 ⁸
379 1972 434 2061 In
451 1976 611 2088 campis
630 1974 814 2060 arenosis
833 1971 885 2058 ad
906 1973 1165 2095 Araquipam
1186 1974 1336 2059 urbem
1364 1991 1406 2059 et
1432 1972 1483 2060 ad
1505 1972 1644 2061 lacum
1662 1972 1887 2061 Titicacam

286 2127 484 2228 Perusiae,
504 2121 640 2238 Aprili
663 2122 786 2207 1831.
826 2142 859 2218 n

380 2273 531 2390 Stipes
556 2274 847 2389 criostacbpac
873 2270 923 2356 H.
943 2288 984 2356 et
1002 2266 1058 2357 K.
1084 2269 1306 2384 persimilis
1325 2288 1368 2355 et
1385 2269 1564 2356 fortassis
1582 2272 1778 2371 varietas;
1809 2268 1889 2353 dif-

291 2428 533 2517 scansam:
572 2419 739 2508 flosculo
766 2416 1238 2520 lanceolam-subulam,
1270 2415 1366 2534 pilis
1392 2417 1526 2536 longis
1551 2419 1699 2502 erectis
1725 2419 1890 2528 apicem

291 2603 410 2665 scruta
427 2571 705 2660 crescentibus
728 2597 966 2683 consperso,
995 2596 1075 2653 nec
1100 2565 1545 2684 oblongo-lanceolam
1571 2564 1668 2678 pilis
1693 2562 1890 2650 brevibus

236 2700 239 2707 ¹
291 2726 536 2845 precenta
556 2749 696 2837 pappo
714 2722 880 2806 verticis
899 2716 1067 2804 flosculo
1087 2717 1214 2834 duplo
1235 2719 1428 2804 breviore
1449 2745 1528 2802 nec
1547 2744 1644 2801 eum
1665 2733 1889 2830 sequanum

290 2876 393 2962 mua
410 2869 560 2958 eodem
579 2897 715 2984 pappo
735 2867 827 2982 plus
845 2864 1035 2980 sextuplo
1054 2893 1134 2950 nec
1154 2862 1281 2977 duplo
1300 2882 1466 2950 tantum
1488 2864 1686 2982 longiore.

382 3020 533 3110 Variat
566 3018 620 3105 ad
653 3017 790 3104 lacum
816 3015 1040 3102 Titicacam
1076 3010 1214 3099 culmo
1240 3011 1418 3127 palmari
1448 3031 1488 3099 et
1514 3010 1707 3126 bipedali.
1773 3009 1890 3097 Folia

286 3174 410 3293 longa,
426 3169 639 3257 concinne
657 3162 845 3253 subulata
865 3158 1191 3278 subpungential

227 3446 229 3469 .
376 3388 508 3504 Str’pa
526 3387 777 3473 cochlearis
802 3384 842 3468 N
848 3400 915 3469 .et
934 3382 990 3467 Μ.
1016 3384 1174 3496 Mepen
1194 3388 1249 3466 ἰὴ
1264 3381 1304 3465 1.
1323 3377 1479 3494 p.484.
1506 3375 1705 3492 panicula
1724 3376 1891 3463 lanceo-

282 3541 351 3631 lan
375 3535 657 3638 subsecundo,
696 3536 825 3621 ramis
851 3563 875 3619 a
902 3533 992 3620 basi
1016 3528 1354 3630 subfasciculatis,
1392 3528 1545 3645 glumis
1570 3525 1892 3640 subaequalibus

281 3673 697 3802 maso-cuspidatim
735 3680 904 3770 flosculo
929 3682 1132 3767 obconico
1158 3677 1446 3764 albo-hirsuto
1478 3677 1596 3791 apice
1627 3672 1891 3788 cylindrsceo
2022 3759 2026 3768 .

286 3838 450 3961 pi’nquc
474 3839 615 3925 cincto
639 3833 792 3950 glumis
816 3827 959 3946 paullo
985 3830 1196 3930 breviore,
1222 3830 1345 3913 arista
1363 3823 1506 3911 scabra
1527 3822 1686 3937 spicula
1699 3820 1892 3936 quadru-

227 4108 229 4115 .
293 3984 603 4109 *etamplius
626 3982 823 4100 longiori,
850 3981 1011 4096 vaginis
1029 3977 1300 4065 inferioribus
1318 3976 1512 4092 margine
1531 3970 1681 4059 ciliatis
1699 3970 1893 4084 foliisque

294 4131 793 4249 mlum-libiormibrn
809 4130 959 4216 strictis
977 4124 1132 4243 glabris
1148 4126 1311 4210 acriam

348 4314 358 4391 j
386 4285 732 4400 Ari-Arcquipam
753 4280 903 4366 urbem
923 4277 1127 4363 Peruviae
1153 4274 1385 4386 incampis
1409 4271 1527 4357 siccis
1551 4267 1707 4383 padum
1735 4265 1894 4374 ln,000

285 4436 514 4541 chimelius,
531 4454 574 4521 et
592 4433 645 4520 ad
664 4431 800 4518 lacum
821 4428 1069 4527 Titicacam,
1088 4421 1237 4537 Aprili
1274 4441 1308 4515 tt

385 4586 549 4689 Similis
572 4584 721 4700 Stipes
747 4584 941 4687 bicolori,
977 4575 1049 4664 sed
1075 4572 1245 4660 abunde
1270 4571 1465 4659 distincta
1491 4563 1659 4655 flosculo
1683 4570 1730 4654 in
1757 4567 1893 4653 fructu

282 4739 453 4859 longiori
470 4736 928 4846 obconico-compresso
948 4743 1146 4842 punctato
1173 4719 1473 4838 strigoso-hirto
1493 4736 1592 4804 ante
1612 4719 1773 4830 apicem
1792 4745 1895 4804 con·

227 4920 232 5001 '5
279 4906 399 4979 muto
425 4906 471 4973 et
494 4888 633 5001 spatio
650 4881 840 4999 quodam⁴
855 4877 1087 4993 cylindrico
1104 4905 1228 4989 saepo
1246 4871 1379 4973 lusco,
1404 4871 1561 4957 vertice
1579 4865 1764 4983 denique
1784 4886 1892 4955 recta

227 5004 230 5131 ἶ
275 5057 467 5131 namra
483 5038 666 5151 setisque
685 5035 832 5121 erectis
851 5031 1054 5148 marginis
1073 5054 1150 5115 ceu
1168 5050 1307 5143 pappo
1324 5024 1474 5109 macto.
