4666 6758
933 443 1212 539 laegnmr'nosae.
1858 451 1882 522 3

250 668 423 753 Benth
434 700 512 756 am
525 672 591 757 l.c.
606 692 812 758 memorat
828 679 1017 761 assentiri
1032 706 1119 762 non
1137 708 1314 792 possum.
1346 682 1565 784 Quomodo
1580 681 1826 768 inOrmosia
1843 702 1882 767 et

260 818 449 932 Sophora
471 826 673 907 erraverit
693 826 777 907 iam
800 825 985 934 patefeci,
1007 829 1052 911 in
1069 826 1299 938 Calpurnia
1322 830 1484 946 (saltem
1506 829 1687 948 intrusa)
1707 834 1791 915 iam
1815 861 1881 917 ra-

264 969 441 1054 diculam
462 1001 628 1083 semper
648 992 860 1056 curvatam
882 974 1022 1075 video,
1050 979 1095 1058 in
1119 975 1293 1062 Cercide
1322 979 1595 1092 embryonem
1623 1011 1790 1095 semper
1814 1010 1880 1067 re·
1927 1039 1929 1044 -

258 1138 370 1201 ctum
397 1149 480 1205 nec
508 1123 648 1205 minus
674 1124 721 1205 in
750 1121 992 1206 Botvdichia
1019 1123 1183 1240 (saltem
1213 1127 1409 1244 maiore),
1437 1129 1506 1211 sed
1533 1130 1698 1213 fortasse
1725 1136 1771 1215 in
1801 1133 1879 1217 hoc

254 1294 410 1379 genere
432 1267 546 1353 idem
567 1271 678 1383 quod
699 1274 746 1354 in
769 1270 883 1354 affini
906 1272 1148 1385 Leptolobio
1170 1277 1327 1375 accidit,
1348 1277 1525 1361 formam
1548 1281 1789 1391 embryonis
1809 1287 1877 1367 in-

253 1435 414 1500 certam
441 1448 536 1504 esse.

372 1565 494 1667 Quae
508 1572 669 1654 etiamsi
689 1573 747 1655 ita
760 1602 803 1655 se
818 1571 1010 1673 habeant,
1036 1593 1176 1659 tamen
1194 1575 1307 1659 hunc
1327 1575 1378 1659 ab
1394 1575 1509 1659 ovuli
1528 1595 1730 1661 structura
1748 1577 1878 1662 dedu-

257 1733 370 1799 ctum
391 1717 676 1806 characterem
697 1726 862 1806 mittere
876 1754 1101 1834 possumus,
1121 1730 1155 1808 si
1176 1725 1305 1808 alium
1327 1729 1458 1839 magis
1477 1745 1735 1809 constantem
1756 1730 1877 1811 inve-

259 1867 399 1949 nimus
420 1887 490 1951 aut
510 1873 544 1952 si
565 1871 789 1980 probamus
808 1899 962 1984 genera
985 1872 1165 1957 naturali
1186 1872 1385 1956 affinitate
1404 1874 1626 1956 coniuncta
1647 1874 1790 1958 divelli
1810 1904 1877 1960 ra-

260 2017 370 2095 tione
387 2013 500 2098 illius
515 2016 666 2100 habita.
697 2017 934 2129 Utrumque
948 2036 1089 2101 auctor
1105 2022 1248 2103 citatus
1262 2020 1547 2102 demonstrare
1560 2019 1704 2104 studet.
1734 2021 1875 2105 Primo

262 2169 372 2248 enirn
394 2166 548 2250 corolla
563 2167 848 2279 papilionacea
873 2185 1075 2278 tanquam
1096 2166 1332 2250 charactere
1353 2170 1483 2249 utitur
1503 2171 1550 2249 in
1572 2168 1875 2281 distinguendis

263 2312 643 2423 Papilionacearum
680 2333 719 2398 et
751 2314 1134 2425 Caesalpiniearum
1160 2314 1401 2427 generibus,
1439 2341 1525 2395 non
1555 2314 1726 2424 quidem
1756 2322 1876 2401 certis

267 2461 393 2543 verbis
412 2461 485 2545 sed
506 2481 552 2546 nt
574 2494 624 2546 ex
644 2461 949 2577 prolegomenis
978 2461 1019 2576 *l
1048 2482 1085 2544 et
1115 2494 1137 2543 e
1161 2462 1384 2575 generibus
1404 2464 1487 2544 suis
1508 2463 1813 2573 Sophorearum
1837 2486 1876 2548 et

270 2610 601 2725 Dalbergiearum
624 2628 744 2721 patet.
803 2610 922 2693 Hanc
949 2609 1144 2693 corollam
1174 2613 1341 2723 cognitu
1369 2608 1532 2691 facilem
1553 2608 1792 2720 praedicare
1813 2616 1876 2694 vi-

271 2761 394 2859 detur,
419 2759 492 2841 sed
516 2760 634 2842 aliter
654 2787 717 2842 res
737 2789 821 2872 sese
842 2757 977 2841 habet.
1026 2759 1173 2868 Neque
1194 2760 1309 2840 enirn
1332 2754 1562 2867 petalorum
1585 2755 1712 2871 ligura
1736 2786 1875 2868 neque

270 2908 390 3022 petala
410 2907 613 2992 carinalia
633 2925 810 2991 connata
833 2924 903 2989 aut
924 2905 1053 2989 libera
1074 2904 1270 2988 corollam
1292 2904 1621 3016 papilionacearn
1643 2935 1665 2989 a
1685 2907 1874 2990 subrosa-

268 3087 324 3141 cea
343 3055 731 3168 Caesalpiniearum
753 3055 1030 3168 distinguunt,
1058 3057 1214 3166 quippe
1235 3083 1342 3166 quae
1363 3057 1491 3137 nimis
1511 3084 1630 3166 saepe
1651 3059 1760 3139 vices
1780 3086 1875 3139 rnu-

267 3225 361 3306 tent;
384 3205 496 3289 nihil
518 3209 618 3290 certi
639 3205 892 3287 discriminis
912 3203 1167 3315 relinquitur
1188 3208 1269 3287 nisi
1289 3202 1568 3315 praeflorati0,
1588 3207 1635 3286 in
1656 3204 1726 3287 illa
1743 3205 1876 3287 vexil-

264 3360 348 3440 laris
369 3359 419 3440 in
441 3356 519 3439 hac
538 3354 745 3438 carinalis.
805 3353 1043 3464 Utrumque
1069 3352 1399 3464 praellorationis
1424 3380 1555 3465 genus
1583 3353 1635 3434 ad
1663 3357 1875 3464 quincun-

264 3507 401 3591 cialem
424 3504 695 3589 referendum
718 3522 790 3600 est,
818 3506 863 3586 in
893 3533 940 3585 eo
963 3521 1127 3585 tantum
1147 3503 1357 3588 diversum
1380 3502 1490 3613 quod
1511 3505 1558 3585 in
1580 3503 1780 3586 alabastro
1801 3534 1874 3613 pe-

263 3655 333 3739 tala
361 3673 525 3738 certum
553 3654 710 3737 habent
735 3656 880 3750 sitnm,
912 3651 1013 3734 dum
1040 3654 1087 3734 in
1116 3649 1403 3763 quincunciali
1430 3649 1561 3765 (certe
1588 3652 1635 3731 in
1664 3647 1873 3765 Rosaceis)

263 3809 354 3887 situs
378 3803 502 3885 valde
530 3806 670 3887 varius
697 3821 765 3885 est.
827 3799 877 3883 In
900 3798 1218 3912 praefloratione
1237 3796 1429 3880 vexillari
1449 3794 1633 3906 petalum
1659 3823 1894 3904 summum

266 3950 502 4069 (vexillum)
524 3954 746 4050 extimum,
770 3947 905 4062 petala
927 3946 1124 4030 carinalia
1144 3948 1298 4028 intima
1320 3973 1404 4026 esse
1426 3961 1574 4025 notum
1595 3960 1671 4042 est,
1699 3945 1746 4026 in
1768 3947 1875 4028 cari-

270 4103 349 4186 nali
364 4130 464 4185 vero
485 4128 698 4184 summum
718 4101 920 4183 intimum
948 4093 1146 4181 carinalia
1169 4096 1343 4192 extima;
1372 4089 1442 4174 sed
1469 4094 1516 4173 in
1546 4090 1622 4174 hac
1649 4095 1875 4203 posteriore

271 4260 348 4339 iam
365 4257 464 4338 situs
484 4250 716 4363 petalorum
737 4248 986 4332 carinalium
1014 4248 1194 4328 interae
1223 4269 1309 4324 non
1338 4259 1422 4322 tam
1450 4259 1641 4324 constans
1668 4259 1726 4323 est
1754 4245 1873 4324 acin

273 4407 411 4514 priore.
470 4400 707 4485 Occurrunt
727 4427 826 4483 vero
848 4395 1037 4507 exempla
1067 4395 1140 4478 ubi
1159 4396 1207 4477 in
1228 4389 1399 4474 floribus
1419 4389 1605 4473 eiusdem
1625 4395 1782 4476 racemi
1802 4422 1874 4504 pe-

337 4763 360 4829 ·)
386 4751 598 4831 „Uederhcnpt
617 4750 709 4811 dildet
728 4751 780 4811 dle
798 4768 892 4830 ponza
912 4746 1090 4828 Abtdeilunp
1111 4747 1166 4807 der
1188 4742 1422 4825 Papilionacecn
1453 4742 1564 4821 (einipe
1584 4741 1823 4822 lernmmlceimipe
1843 4743 1874 4818 †)

387 4870 509 4932 meelate
523 4867 759 4949 Papr'lr'onaceen
772 4867 994 4949 mitqereclmet)
1010 4869 1075 4927 eine
1086 4884 1190 4947 prosse
1203 4863 1271 4925 selu
1283 4858 1450 4922 namttete
1461 4858 1715 4939 Pstmumfann'lie
1735 4870 1855 4921 rt.s.w.“

461 5024 493 5100 †)
514 5023 678 5087 verosimile
694 5023 795 5082 mendo
810 5021 1016 5105 typographico
1031 5020 1080 5079 hic
1095 5016 1353 5095 ‚nrumnketmip‘
1368 5035 1420 5094 pro
1435 5011 1661 5092 ‚‚9nadket'ntt'9“
1680 5014 1789 5093 legitur.
1810 5015 1876 5095 Vgt.

1451 5125 1474 5167 tt
