4666 6758
349 386 415 481 :28
922 392 965 465 C.
988 390 1033 465 G.
1055 390 1150 465 Nrrs
1167 414 1210 463 tr
1228 389 1424 527 Effltgffls

365 658 493 745 quam
515 630 614 732 alta,
632 631 782 737 obtusa
803 657 900 713 cum
918 626 1169 714 mueronulo
1191 630 1358 745 exiguo,
1386 627 1473 711 basi
1493 639 1721 725 contracta,
1748 637 1990 707 extrorsum

365 807 551 864 convexa
572 797 612 865 et
631 782 680 867 in
701 779 841 867 medio
861 779 1000 895 paullo
1019 780 1240 898 gibbosior,
1259 781 1489 864 introrsum
1511 772 1650 888 plana,
1669 769 1885 886 punctulis
1905 767 1993 855 ele·

366 926 470 1008 vatis
487 926 648 1027 striata,
668 925 790 1021 lusca.

479 1078 769 1193 thtrtetyttn
791 1108 1043 1193 pygmaeum
1068 1073 1208 1163 Vehlii
1228 1103 1313 1160 esse
1333 1073 1451 1159 docet
1477 1070 1762 1169 Kunthins‚
1790 1064 1990 1153 herbario

364 1238 479 1307 teste.
518 1223 660 1312 Verba
681 1239 821 1313 autem
844 1230 1021 1312 auctoris
1040 1225 1119 1311 alia
1142 1243 1356 1317 testamur,-
1401 1222 1450 1308 Et
1470 1224 1609 1337 primo
1629 1216 1803 1336 quidem
1821 1214 1988 1334 generis

365 1368 645 1486 Fimbristylis
671 1373 880 1475 conditor,
912 1372 1141 1474 Vahlius,
1169 1373 1346 1487 „stylum
1375 1374 1442 1459 isti
1470 1371 1616 1459 tribuit
1646 1367 1871 1457 bifidum
1901 1364 1987 1455 basi

366 1516 632 1603 bulbosum
663 1502 1006 1634 compressum
1037 1523 1228 1635 margine
1250 1519 1472 1604 ciliatum“.
1531 1517 1668 1620 Idem,
1696 1514 1985 1629 Rmbrutylin

363 1701 612 1782 pquaeam
633 1668 887 1769 describens,
914 1669 1067 1783 stylum
1091 1669 1199 1754 haud
1223 1688 1444 1770 memorat,
1468 1668 1551 1754 scil.
1572 1664 1684 1781 quod
1703 1664 1871 1781 generis
1890 1659 1984 1747 cha·

365 1819 516 1905 racteri
549 1818 873 1932 respondentem
908 1823 1139 1921 invenerit,
1176 1817 1229 1904 id.
1255 1819 1399 1903 saltem
1434 1821 1554 1931 sequi
1586 1815 1762 1901 videtur.
1832 1811 1981 1897 Semen

365 1969 657 2067 „transversim
679 1967 954 2056 undulatum“
983 1999 1067 2054 esse
1088 1968 1214 2069 addit
1235 2068 1238 2073 ¹
1265 1967 1318 2075 ‘Si
1340 1966 1618 2053 nihilominus
1643 1967 1822 2076 leolepr‘s
1850 1976 1982 2047 nostra

366 2118 871 2232 Fimbristylt‘spyq'maea
892 2117 1037 2204 Vahlii
1066 2137 1142 2220 est,
1170 2146 1257 2203 non
1286 2135 1427 2202 nostra
1453 2135 1512 2200 est
1538 2114 1677 2229 culpa,
1702 2112 1774 2209 sed
1796 2109 1981 2225 Vahlii3

366 2284 476 2349 certe
497 2262 670 2379 quidem
699 2269 896 2380 species
928 2266 1037 2353 haud
1060 2248 1241 2380 amplius
1260 2265 1434 2351 dicende
1457 2283 1532 2367 est,-
1548 2262 1598 2349 de
1618 2292 1702 2379 qua
1721 2260 1821 2349 laisa
1843 2262 1980 2351 omnis

364 2410 658 2501 tradebantur·

480 2715 528 2796 2.
559 2717 736 2830 Isolepr's
753 2716 927 2831 furcata
947 2715 1227 2828 N.etMeyen:
1257 2713 1405 2799 culmis
1422 2718 1590 2800 setaceis
1608 2713 1855 2800 fasciculatis
1873 2739 1980 2796 corn-

365 2861 644 2969 pressiusculis
663 2866 815 2950 striatis
835 2866 921 2950 basi
944 2862 1095 2973 biloliis
1122 2863 1313 2975 foliisque
1341 2862 1606 2978 longiusculis
1626 2860 1876 2969 recurvulis,
1903 2863 1981 2975 spi-

365 3007 456 3092 cula
477 3008 657 3096 solitaria
678 3031 796 3123 ovata
818 3010 1041 3126 paucillora
1070 3010 1288 3096 involucro
1318 3011 1591 3127 monophyllo
1618 3011 1770 3100 lineari
1797 3010 1980 3099 culmum

365 3161 641 3245 continuante
675 3160 806 3244 multo
840 3161 1049 3261 breviore,
1083 3162 1268 3274 squamis
1295 3164 1491 3267 carinatis
1507 3144 1775 3249 mucronatis
1802 3165 1983 3249 nervosis

366 3305 624 3409 monandris,
642 3305 748 3422 stylo
764 3305 918 3410 trifido,
938 3312 1125 3422 caryopsi
1145 3294 1562 3421 oberrato-triquetra
1571 3309 1723 3424 pallide
1741 3309 1980 3424 puuctulata

363 3452 656 3557 scabriuscula‚
676 3455 816 3565 radice
836 3455 995 3541 fibrosa.
1032 3444 1034 3448 ¹
1078 3556 1081 3563 Ι
2013 3454 2016 3459 ’

478 3601 545 3687 Ad
565 3603 729 3690 Palcam
749 3609 857 3693 circa
878 3605 1064 3692 'saonam
1083 3607 1232 3692 urbem
1254 3606 1468 3711 Permitte,
1488 3562 1650 3719 altitudt
1663 3606 1814 3711 45001,
1835 3604 1981 3717 Martio

368 3751 491 3836 1831.
530 3748 618 3850 O?

478 3901 705 3989 Persimilis
732 3923 790 4027 est
817 3904 1091 4019 isolepidibus
1116 3908 1292 4020 supinae
1319 3924 1358 3991 et
1388 3926 1587 4013 setaoeae,
1621 3905 1762 3993 differt
1789 3908 1991 4023 inprimit.

364 4049 416 4133 ab
436 4047 507 4135 illa
525 4050 683 4164 spicula
702 4051 904 4153 solitaria,
927 4052 1042 4139 nulle
1065 4054 1269 4161 bracteola
1288 4041 1476 4165 suffulta,
1496 4054 1739 4170 pauciflora,
1764 4059 1987 4147 involucro

363 4201 550 4286 culmum
565 4206 841 4289 continuante
856 4204 1011 4319 spicula
1029 4209 1193 4291 circiter
1208 4203 1443 4319 quadruplo
1460 4206 1669 4324 longiore,¹
1679 4206 1990 4331 pec-,reliquum-

364 4351 450 4434 l'ere
470 4350 656 4438 culmum
678 4374 901 4467 aequante,
926 4358 1111 4468 squamis
1126 4358 1177 4439 in
1197 4354 1361 4470 singula
1381 4355 1539 4468 spicula
1561 4340 1719 4469 paucis,
1744 4356 1882 4461 4-5,
1905 4376 1984 4447 ste-

364 4504 482 4586 mine
502 4529 608 4603 uno,
634 4506 823 4617 caryopsi
851 4532 938 4589 non
968 4508 1236 4591 transversim
1256 4506 1446 4622 rugulosa
1475 4506 1545 4589 sed
1566 4507 1775 4619 punctulis
1798 4512 1986 4624 inspersa

363 4650 641 4737 subtilissimis
667 4652 854 4767 adeoque
888 4654 1099 4754 confertis,
1134 4674 1180 4740 ut
1206 4654 1441 4769 superficies
1468 4638 1742 4743 scabriuscula
1768 4658 1928 4745 evadat.
1944 4678 1987 4769 et

363 4799 564 4887 nonnihil
586 4804 756 4888 micans
805 4803 868 4888 Ab
887 4808 1098 4939 lsolepide
1118 4818 1286 4891 setaeea
1304 4808 1390 4893 iarn
1411 4804 1505 4891 solis
1524 4807 1708 4918 squamis
1728 4788 1991 4917 rnucronntit-

363 4967 402 5033 et
422 4947 559 5035 fructu
577 4951 798 5063 triquetro,
820 4979 958 5065 neque
975 4954 1138 5063 striet0,
1158 4955 1428 5068 crassiorique
1449 4952 1614 5057 recedit.
1653 5044 1657 5057 ,
1720 5050 1726 5061 ,
1753 4930 1786 4999 ⁸
1812 5058 1815 5063 ¹
