4666 6758
917 479 1198 571 Leguminosuc.
1222 477 1225 482 ’
1644 545 1647 550 ,
1816 475 1862 545 17

289 719 404 816 ΜΨ
425 712 564 826 longa,
592 713 637 794 in
660 713 764 795 sicco
786 712 1032 822 complicata
1054 732 1093 796 et
1114 713 1479 800 falcato-curvata.
1540 709 1726 823 Stipulae
1751 711 1863 793 inter

186 944 189 947 ,
294 877 533 966 pennatae,
561 859 928 958 membranaceae,
958 878 1120 960 acutae,
1149 859 1325 946 liberam
1354 861 1497 973 petioli
1523 879 1686 973 partem
1714 857 1862 944 subae-

294 1029 426 1140 quantes.
494 1007 756 1092 Pedunculus
787 1009 989 1108 axillaris‚
1023 1012 1140 1122 apice
1177 1039 1391 1098 racemum
1429 1009 1521 1095 laxe
1553 1011 1860 1122 subcapitatum

289 1189 403 1292 gerens,
428 1156 747 1240 tonso-1511!
768 1157 925 1273 longus.
985 1157 1210 1241 Pedicellus
1230 1158 1343 1242 linea
1365 1158 1550 1260 brevi0r3
1580 1158 1745 1245 bractea
1767 1157 1859 1245 lan-

288 1315 396 1407 ceolata
421 1324 494 1390 aut
521 1307 795 1422 suboblonga,
829 1306 1078 1419 pedicellum
1105 1337 1323 1420 superans,
1355 1309 1665 1419 subpersistens.
1724 1306 1859 1418 Calyx

286 1455 789 1566 tubulmo-campanulatus,
810 1454 1005 1538 dentibus
1019 1457 1168 1540 tubum
1186 1455 1409 1539 dimidium
1426 1454 1716 1567 aequantibus,
1736 1483 1859 1566 prae·

285 1634 327 1696 ter
335 1602 410 1716 pilis
425 1600 576 1686 albidis
593 1605 720 1688 etiam
737 1605 867 1717 nigris
880 1604 1095 1687 interdum
1111 1604 1335 1716 adspersus,
1360 1607 1378 1685 1
1395 1609 1479 1699 guz
1494 1603 1650 1717 longus
1691 1600 1858 1690 Corolla

283 1749 584 1850 luteo-violacea,
623 1750 763 1863 calyce
795 1751 921 1863 duplo
957 1751 1129 1868 longior.
1209 1752 1425 1860 Legumen
1461 1752 1614 1853 sessile,
1649 1749 1857 1851 inflatum,

280 1916 552 1999 tnucmnaturn,
573 1900 964 2001 membranaceum,
989 1900 1137 1983 leviter
1156 1919 1389 1986 transverse
1410 1928 1630 1999 venosum,
1657 1900 1767 2013 pube
1788 1903 1856 1985 in-

277 2044 519 2137 eam-albida
547 2065 718 2147 tectum,
746 2077 873 2160 quam
901 2047 1056 2132 fructus
1077 2047 1238 2135 Phacae
1265 2048 1540 2164 astragalinae
1561 2047 1688 2160 duplo
1710 2053 1855 2148 maius,

276 2197 425 2314 pluribus
449 2196 692 2280 seminibus.

354 2342 400 2426 In
417 2341 651 2428 Cordillera
664 2342 716 2428 de
731 2343 769 2427 S.
785 2343 819 2426 F
820 2344 1021 2444 ernand0,
1042 2342 1174 2445 Chile,
1195 2347 1240 2428 in
1264 2343 1513 2430 attitttooot
1540 2342 1598 2426 Fl.
1613 2342 1854 2432 Februario,
1895 2429 1897 2432 Α

352 2525 457 2609 Obs.
494 2525 657 2610 Adsunt
675 2529 906 2639 specimina
927 2555 1071 2611 mense
1092 2527 1212 2612 Mart.
1233 2526 1287 2613 ad
1308 2527 1463 2639 Maypo
1484 2524 1660 2609 fluvium
1683 2529 1728 2609 in
1752 2525 1853 2612 altit.

271 2676 395 2761 ll000¹
429 2675 551 2774 lecta,
592 2705 700 2788 quae
735 2694 900 2762 tantum
936 2674 1139 2760 differunt
1173 2678 1293 2759 omni
1327 2693 1482 2758 statura
1516 2677 1667 2760 maiori
1702 2675 1853 2790 (usque

263 2824 518 2941 semipedali),
551 2824 761 2939 calycibus
787 2826 1037 2939 plerumque
1062 2826 1157 2938 pilis
1184 2829 1315 2940 nigris
1342 2828 1477 2913 rarius
1503 2823 1653 2911 albidis
1685 2853 1853 2937 quoque

261 2975 366 3070 tectis,
391 2999 561 3057 racemo
589 2970 779 3087 elongato
808 2974 955 3056 lolium
982 2971 1168 3085 2-3pto
1194 2991 1436 3084 superante,
1464 2973 1632 3058 bractea
1651 2972 1852 3084 pedicello

256 3118 360 3231 duplo
387 3117 592 3233 longiore,
622 3117 793 3203 floribus
819 3120 1058 3205 maioribus
1119 3120 1331 3234 Legumeu
1361 3120 1524 3237 (innius
1551 3137 1716 3206 tantum
1743 3121 1851 3239 vidi)

254 3266 345 3352 idem
367 3265 544 3351 videtur.
593 3265 705 3353 Haec
730 3270 961 3378 specimina
987 3270 1136 3350 sistunt
1161 3266 1342 3354 Phacam
1375 3269 1668 3355 Arnottianam
1697 3269 1850 3381 Meyen

254 3419 376 3536 (Reise
395 3417 428 3500 Ι.
447 3448 488 3529 p.
500 3416 606 3532 386)
629 3447 707 3501 nec
726 3416 823 3501 Gill.
842 3419 889 3500 in
910 3415 1045 3500 Hook.
1065 3416 1147 3499 bot.
1167 3418 1279 3499 misc.

767 3665 1095 3742 ASTRAGALUS
1132 3669 1176 3738 L.
1215 3667 1316 3738 neo.

299 3842 348 3924 A,
371 3843 659 3953 orequipenris
693 3865 734 3920 n.
754 3867 813 3949 sp.
846 3835 1112 3935 brevicaulis,
1152 3831 1300 3915 foliolis
1334 3831 1630 3945 7-10-iugis
1662 3831 1851 3950 oblongis

434 3987 706 4100 emarginatis
727 3986 815 4070 basi
836 3985 1022 4068 cuneatis
1041 3980 1212 4096 glabris,
1241 3980 1416 4065 racemis
1442 3981 1630 4091 capitatis
1657 3982 1850 4094 brevipe-

434 4135 689 4236 dunculatis,
716 4134 929 4250 legumine
948 4131 1075 4215 sessili
1094 4129 1243 4216 falcato
1264 4145 1383 4212 acuto
1404 4145 1651 4212 mucronato
1671 4127 1793 4212 hirto

351 4288 451 4374 Tota
471 4285 617 4400 planta
637 4302 808 4397 excepta
834 4285 1046 4396 superiore
1071 4278 1307 4363 loliolorum
1328 4278 1484 4392 pagina
1504 4280 1636 4393 magis
1656 4280 1849 4362 minusve

267 4440 472 4554 pubescens
530 4432 671 4521 Caulis
691 4435 800 4518 circa
828 4433 859 4527 ¹l,
887 4431 1062 4545 digitum
1083 4429 1240 4544 longus,
1260 4427 1507 4510 suberectus
1565 4425 1742 4510 Petiolus
1764 4426 1849 4509 fere

269 4591 411 4704 digitum
433 4587 597 4701 longus,
617 4585 706 4671 basi
727 4582 929 4696 aphyllus.
978 4580 1136 4669 Foliola
1157 4576 1406 4678 subsessilia,
1426 4578 1472 4660 in
1494 4577 1600 4691 iugis
1618 4573 1705 4660 fere
1720 4605 1849 4688 oppo-

270 4743 340 4837 sita,
362 4753 527 4847 excepto
549 4762 679 4817 nervo
701 4731 838 4816 medio
859 4733 1028 4829 avenia,
1055 4726 1218 4810 4-5W
1245 4726 1386 4840 longa,
1412 4726 1489 4806 ΞΝ]
1510 4724 1603 4810 lata.
1662 4724 1848 4838 Stipulae

273 4886 433 5000 apetiolo
453 4885 627 4986 liberae,
653 4888 766 4967 inter
785 4914 827 4967 se
847 4882 899 4969 ad
921 4884 1080 4993 apicem
1103 4907 1233 4991 usque
1253 4892 1473 4974 connatae,
1501 4872 1598 4956 lolio
1625 4877 1848 4986 oppositae,

275 5040 327 5121 dl
339 5037 491 5151 longae,
510 5035 724 5120 interdum
741 5034 951 5146 imprimis
966 5029 1183 5115 inleriores
1199 5024 1325 5127 fissae,
1340 5042 1385 5108 ut
1402 5054 1423 5107 a
1445 5053 1487 5105 se
1504 5052 1670 5137 quoqne
1692 5023 1845 5108 liberae

275 5160 279 5167 ’
392 5192 444 5246 ra.
459 5192 534 5246 mr.
557 5192 654 5262 seppt.
997 5160 1005 5169 ’
1182 5151 1185 5156 ’
1422 5167 1445 5238 3
