4666 6758
351 478 403 557 Μ
909 482 952 555 C.
973 479 1019 554 G.
1039 479 1135 554 Naias
1154 506 1195 554 u
1213 481 1408 576 Esmmcn,

354 721 561 830 expositus
581 736 649 802 est.
708 717 898 831 Spiculae
919 721 990 804 vix
1009 716 1121 803 linea
1145 717 1297 807 1-11t
1322 718 1545 834 longiores,
1563 714 1848 835 subglobosae,
1866 715 1971 801 mul·
2008 734 2015 875 p·

355 863 525 950 tiflorae.
585 865 794 978 Squamae
813 865 1051 951 octolariam
1073 867 1336 968 imbricatae,
1366 884 1529 970 ovatae3
1559 866 1781 953 inferiores
1810 892 1971 951 mucro-

357 1034 495 1116 natae,
521 1018 754 1128 superiores
779 1046 901 1131 saepe
919 1017 1109 1121 obtusam
1138 1044 1286 1101 omnes
1311 1019 1539 1119 carinatae,
1565 1019 1817 1116 uninerves,
1845 1040 1971 1105 nervo

355 1168 556 1280 utrinque
578 1170 677 1251 vitta
697 1165 807 1251 fusca
829 1165 1026 1268 limitato,
1051 1167 1244 1282 margine
1264 1164 1404 1250 albido
1425 1166 1758 1253 membranaceo,
1818 1162 1971 1277 Carpo·

355 1317 438 1426 psis
465 1316 630 1432 exigua,
658 1314 769 1445 alba,
795 1317 959 1420 obtusa,
986 1315 1113 1402 latere
1141 1317 1337 1401 exteriori
1365 1316 1712 1434 convexo-gibbo
1738 1312 1972 1427 costulaqna

359 1464 498 1554 media
517 1465 723 1580 praedito,
751 1467 1015 1553 subtilissime
1034 1468 1304 1551 transversim
1326 1456 1525 1566 atriolata,
1552 1462 1725 1579 apiculis
1745 1464 1888 1578 parvis
1906 1490 1972 1577 cy·

358 1613 562 1715 liudricis,
586 1617 785 1729 inprimis
804 1645 945 1703 versus
963 1619 1195 1729 superiora,
1220 1614 1425 1703 echinata.
1484 1614 1706 1701 Orbiculus
1726 1614 1972 1730 hypogynus

358 1794 525 1876 parvus,
546 1765 784 1852 discoideus
997 1755 1000 1761 ¹

477 1913 574 2003 Ver.
592 1941 622 2022 a.
644 1920 726 2001 nisi
740 1920 856 2002 uotis
874 1946 1000 2031 supra
1019 1916 1213 2004 indicatis
1235 1944 1322 2002 non
1344 1913 1496 2002 differt.

475 2064 574 2150 Ver.
595 2111 623 2170 t·
642 2066 798 2154 formas
815 2068 995 2153 ostendit
1014 2071 1201 2153 minores
1219 2065 1330 2168 illas,
1356 2063 1666 2154 inflorescentia
1693 2062 1744 2175 ad
1772 2082 1976 2151 extremos

359 2215 462 2302 lines
488 2216 675 2320 reducta,
700 2219 1144 2335 2-3-oligostachya,
1176 2245 1356 2330 quacum
1384 2218 1658 2303 coniunctum
1686 2233 1746 2301 est
1769 2213 1976 2303 involucri

362 2368 511 2467 maius,
530 2396 659 2480 quarn
679 2397 755 2481 pro
775 2369 935 2483 reliqua
956 2368 1318 2483 plantasmatum,
1337 2368 1662 2483 incrementum.
1700 2363 1821 2450 Tales
1839 2382 1987 2459 autem·

362 2517 539 2618 formae,
565 2520 610 2603 in
637 2522 757 2604 omni
783 2547 913 2634 regno
942 2516 1163 2636 vegetabili
1189 2515 1446 2630 frequentes,
1475 2518 1722 2601 varietatum
1749 2515 1852 2617 illis,
1880 2542 1989 2630 quoe

362 2666 564 2770 dicerem,
583 2666 791 2754 fictoribus
810 2668 1083 2783 fictarumque
1099 2667 1296 2780 deinceps
1310 2666 1618 2781 castigatoribus
1631 2695 1779 2751 ansam
1794 2664 1987 2780 quotidie

363 2818 568 2930 praebent
592 2817 823 2905 invehendi
851 2823 897 2904 in
928 2819 1045 2921 alios,
1073 2823 1164 2933 qui,
1188 2812 1321 2904 'vitam
1350 2847 1427 2902 nec
1447 2819 1619 2934 cogitata
1639 2815 1871 2903 homiuum
1889 2840 1982 2930 per-

365 2965 596 3079 pendentes
616 2987 655 3052 et
675 2968 1015 3083 contemplantes,
1036 2997 1216 3053 numero
1227 2970 1423 3081 partium,
1443 2969 1746 3085 integumento,
1765 2963 1990 3071 coloribur,²

365 3117 512 3219 verbo,
545 3117 771 3205 levioribus
796 3116 952 3203 illisae
977 3116 1107 3204 veluti
1138 3120 1378 3232 proscriptis
1409 3115 1713 3202 characteribus
1747 3114 1804 3204 ad
1835 3114 1990 3205 dm

363 3266 549 3380 guendas
567 3266 821 3382 quandoque
839 3271 992 3380 species
1010 3286 1200 3352 utuntur.
1256 3268 1491 3368 „Numero,
1516 3264 1980 3379 quidinoonstantius‘l

366 3417 567 3518 clamant;
607 3416 760 3529 ,nihili
791 3437 890 3503 sunt
921 3421 1253 3533 proportiones“;
1291 3418 1654 3532 ,integumentum
1687 3414 1984 3505 nauco'eum

364 3566 559 3669 inferius;
588 3565 764 3652 doceant
784 3567 1015 3682 exempla“l
1045 3567 1153 3653 Tum
1176 3567 1348 3683 longum
1370 3583 1572 3651 enarrant
1592 3592 1839 3650 numerum.
1902 3572 1977 3671 etsi,

482 3714 548 3801 Ad
576 3714 677 3802 baec
702 3720 738 3802 si
761 3717 1006 3830 responderi
1030 3748 1147 3831 posse
1174 3745 1261 3803 non
1289 3717 1456 3830 penitus
1482 3714 1783 3829 desperaveris,
1799 3715 1980 3805 'dicetur

370 3868 485 3951 Num
510 3886 575 3970 tu,
607 3854 778 3982 quaeso,
811 3886 948 3982 putas,
979 3896 1049 3952 me
1074 3871 1149 3953 ista
1177 3865 1391 3979 multaque
1418 3864 1624 3951 eiusmodi
1647 3864 1728 3950 alia
1755 3856 1990 3981 nesciuffis

370 4014 577 4103 Videlicet
595 4037 803 4132 supputes,
822 4048 891 4102 me
912 4037 1106 4104 naturam
1126 4014 1370 4132 ex'singulis
1389 4015 1664 4129 dispersisque
1684 4017 1877 4103 maxime
1892 4008 1989 4133 pur

369 4168 496 4268 tibus,
515 4150 582 4251 vel
603 4165 728 4253 etiam
748 4172 932 4282 partium
954 4169 1157 4283 partibus,
1175 4194 1347 4282 gramen
1371 4182 1461 4251 v.'c
1481 4195 1505 4250 e
1522 4164 1686 4280 singula
1706 4160 1991 4269 valvula?,·¹iul!

369 4318 638 4430 compositam
659 4346 871 4431 quamque
890 4317 1081 4432 plantam
1107 4349 1158 4403 ex
1178 4317 1367 4403 acbaenii
1388 4320 1653 4431 pauperrima
1675 4316 1861 4432 quadam
1889 4308 1990 4415 ltelt'l

373 4465 473 4553 nula
494 4465 561 4550 vel
580 4465 696 4579 palea
717 4465 1018 4553 diiudicavisse.
1057 4469 1226 4552 Errasti.
1264 4464 1381 4551 Nihil
1401 4470 1512 4551 intra
1535 4486 1709 4553 naturae
1729 4452 1991 4564 tineaene-¹·

373 4644 498 4719 num;
526 4615 635 4700 nihil
662 4622 821 4716 autem,
846 4617 957 4731 quod
981 4636 1178 4720 transeat,
1204 4621 1446 4702 inconstans
1466 4646 1550 4700 esse
1571 4618 1729 4729 nequit
1787 4614 1996 4715 Sod'surtt¹

372 4787 514 4853 tamen
535 4762 641 4880 leges
661 4793 684 4848 a
706 4782 853 4848 natura
875 4764 942 4849 vel
961 4768 1041 4879 ipsi
1060 4767 1365 4852 inconstantiae
1385 4767 1674 4878 praescriptae,
1696 4791 1774 4849 nec
1787 4752 2000 4865 omudbtir

372 4915 424 5001 ad
442 4942 591 5001 omues
610 4932 721 5029 patet
740 4917 991 5001 mutationes
1011 4919 1091 5001 via.
1142 4916 1274 5019 Quid,
1293 4919 1328 5000 si
1348 4914 1581 5030 plantulam
1598 4914 1751 5001 'natura
1772 4914 2000 5017 creaverit,

370 5085 512 5152 ternas
535 5069 700 5180 semper
724 5067 773 5150 in
799 5057 938 5151 culmo
962 5066 1170 5182 spico-tas,
1187 5064 1291 5153 dum
1315 5094 1418 5153 sana
1448 5069 1517 5170 sit,
1551 5066 1775 5168 ferentem,
1806 5052 2002 5183 eamque
