4666 6758
352 426 431 502 212
729 496 736 507 ,
887 426 919 499 1.
936 423 1063 499 llum
1086 448 1129 499 u
1154 424 1188 499 Ι.
1207 448 1252 501 un
1268 423 1433 520 Pteron,

467 660 533 749 Ad
558 689 655 748 sexa
676 662 832 748 montis
856 661 914 748 St.
932 659 1168 749 Christovel
1186 689 1317 776 prope
1338 658 1507 750 Limam
1526 664 1641 749 inter
1658 665 1861 777 meepitoe
1879 658 1972 749 Par·

352 810 503 898 mellae
522 808 842 898 leucomelenee.

662 1177 665 1181 ,
800 1094 1067 1172 mentitu
1092 1096 1155 1171 tu.
1184 1099 1288 1174 Lielt'
1311 1100 1401 1173 Eur.
1421 1106 1530 1198 p.28.

468 1301 511 1418 8)
540 1304 771 1388 Romulius
797 1303 978 1417 dipitula
1009 1300 1065 1387 Μ.
1079 1319 1120 1387 et
1134 1298 1221 1388 Fw.
1247 1298 1429 1388 Taultl.
1455 1301 1566 1420 figo.
1594 1301 1722 1391 thello
1748 1309 1955 1423 caespititio

352 1430 580 1567 geletinoso
594 1503 614 1516 -
628 1448 898 1565 cartilagineo
939 1451 1167 1564 rigescente
1198 1447 1353 1562 pallide
1384 1448 1631 1555 oehroleneo
1670 1450 1773 1539 dein
1811 1452 1950 1571 glnuoe.

353 1618 511 1700 scente,
531 1602 659 1684 ramis
678 1601 920 1712 compressis
938 1596 1171 1683 subinflatis
1191 1597 1339 1683 leviter
1360 1599 1562 1686 lacunosis
1583 1598 1817 1703 multifidis,
1836 1630 1950 1697 mmu-

356 1752 406 1836 lis
423 1750 631 1867 digitetim
649 1746 749 1833 fissis
769 1749 956 1862 apicibus
974 1747 1176 1837 substans
1195 1747 1469 1835 teretiuseulis
1486 1747 1659 1867 fuscatis¹
1671 1749 1952 1871 nodulosieqm

356 1898 581 2015 apotheciis
600 1897 667 1983 vel
684 1898 894 2012 stipitibus
912 1897 1087 2014 turgidis
1105 1895 1284 1983 suffultis
1304 1898 1372 1983 vel
1389 1899 1674 1987 subseeeilibus
1693 1901 1955 2022 elevato-hyt-

357 2051 741 2165 lino·merginetie‚
772 2048 884 2134 diseo
908 2048 1035 2163 pleno
1062 2045 1217 2163 pallido
1243 2048 1637 2164 alnido-pruinoso,
1662 2050 1823 2139 lemine
1849 2056 1957 2169 proli.

355 2227 455 2318 gera
473 2217 599 2284 strato
618 2197 802 2284 corticali
821 2200 1027 2311 imposita.

471 2348 558 2465 Fig.
580 2351 625 2449 1,
657 2379 685 2431 u
705 2364 746 2432 et
766 2350 791 2432 b
812 2346 979 2459 plantae
1006 2345 1300 2462 magnitudine
1326 2346 1527 2453 naturali3
1563 2380 1586 2434 e
1607 2367 1648 2436 et
1665 2353 1699 2436 d
1716 2350 1883 2466 plantae
1899 2386 1969 2471 per

357 2501 515 2586 lentem
535 2496 769 2610 simplicem
794 2500 918 2582 visae.

335 2695 339 2701 ·
474 2645 538 2731 Ad
559 2672 696 2730 remos
715 2643 854 2731 These
873 2644 1102 2746 chinensis,
1122 2663 1213 2730 tum
1233 2648 1281 2730 in
1301 2643 1422 2731 horto
1443 2645 1636 2735 botanico
1650 2648 1732 2738 llio
1746 2650 1800 2739 de
1814 2648 1971 2746 taneto

358 2793 473 2881 urbis
493 2792 707 2896 Brasiliee,
728 2810 818 2877 tum
839 2796 886 2878 in
906 2795 1087 2906 imperio
1107 2791 1316 2880 Chinensi
1335 2820 1465 2906 prope
1485 2794 1666 2885 Canton.

475 3095 515 3201 9)
545 3097 776 3181 Romulius
795 3107 959 3182 costato
978 3095 1033 3180 M.
1043 3113 1082 3180 et
1092 3093 1179 3181 Fw.
1198 3092 1381 3185 tantu.
1404 3092 1514 3210 lgm.
1543 3095 1671 3182 tirello
1690 3099 1956 3219 cartilagines

357 3247 585 3365 gelatinoso
605 3245 738 3362 rigido
760 3277 783 3331 e
804 3245 1409 3361 viridi-glauoo-fuscescente,
1428 3250 1547 3332 ooetie
1566 3246 1736 3335 elevetis
1755 3254 1884 3339 aculis
1898 3282 1953 3345 tt·

357 3396 517 3514 guloso,
545 3397 674 3479 ramis
693 3393 1005 3509 divergentibus
1026 3399 1201 3481 arcuatis
1221 3398 1463 3498 attenuetim
1492 3398 1720 3511 apotbeeiis
1744 3399 1952 3515 letemlibn

358 3549 544 3633 breviter
580 3545 772 3656 stipitetis
811 3547 1012 3658 utrinque
1051 3544 1172 3631 luscis
1212 3544 1665 3662 elevato-marginatis,
1713 3548 1847 3639 disto·
1866 3563 1946 3668 pm‘·

360 3724 461 3781 noso
481 3694 620 3808 plano.

476 3878 582 3965 Ver.
602 3904 905 3989 compresse:
935 3877 1053 3963 tballi
1080 3877 1241 3965 laciniis
1261 3884 1504 3994 eompressis
1523 3868 1740 3973 costulatis

473 4060 644 4150 Habitat
664 4064 710 4147 in
733 4063 860 4146 ramis
879 4059 1074 4145 fruticum
1096 4063 1205 4146 circa
1224 4060 1305 4147 llio
1325 4061 1378 4147 de
1397 4061 1565 4151 Ieneiro
1586 4065 1734 4153 urbem
1758 4066 1943 4193 Bresilite

474 4362 544 4478 10)
574 4363 806 4447 Romalinu
825 4362 1004 4449 erebum
1022 4359 1079 4446 M.
1099 4379 1141 4446 et
1158 4360 1248 4449 Fvv.

562 4545 737 4621 Alectorie
755 4545 899 4620 erebum
916 4551 1008 4623 Aolt
1033 4551 1136 4623 Liclt
1156 4555 1251 4624 univ.
1270 4555 1407 4649 peso.
1463 4554 1548 4650 Syn.
1569 4556 1672 4628 Diels
1691 4560 1831 4653 peso.

559 4688 690 4759 neuen
715 4688 760 4759 u.
781 4690 835 4760 M.
858 4688 1171 4785 teb.13.fig.14!
1796 4688 1803 4719 ¹

473 4847 540 4935 Ad
558 4854 729 4936 eortices
748 4851 945 4939 arborum
973 4853 1135 4941 insulae
1162 4856 1219 4941 St
1240 4856 1427 4947 Helenae
1448 4887 1579 4973 pmpe
1598 4859 1884 4965 domicilium,
1908 4864 1972 4951 nlti

225 5088 231 5097 ,
358 5000 573 5114 Nepoleon
596 4998 829 5114 Imperator
846 5001 1008 5089 Galliae
1031 5003 1135 5091 olim
1153 5005 1296 5092 sedern
1315 5005 1474 5096 habuit.
