4666 6758
918 548 921 553 ·
958 513 1209 611 cyperoceue.
1294 562 1316 573 ·-
1820 514 1893 591 ‘ts

253 743 436 833 demum
462 748 739 867 ferrugineas,
758 748 939 863 glabrae,
959 748 1222 851 lanceolatae,
1239 753 1719 866 compresso-ancipites,
1733 756 1893 838 acumi-

266 919 401 1001 natas,
414 900 632 1002 incurvae,
646 918 756 985 arcte
776 898 1031 1000 imbricatae,
1049 901 1126 985 sub
1141 894 1278 985 fructu
1288 895 1480 1015 'denique
1494 903 1609 1016 apice
1623 901 1892 989 dehiscentes.

271 1049 476 1162 squamae
496 1053 678 1135 omniuo
698 1048 913 1148 disticbae,
934 1066 1096 1150 ovatae,
1123 1048 1378 1154 chartaceos,
1403 1053 1649 1151 unincrves,
1668 1056 1891 1153 carinatse,

265 1215 482 1311 septenam
512 1218 694 1314 quatuor
710 1200 930 1283 inferiores
948 1198 1125 1302 steriles,
1144 1201 1306 1303 breves,
1328 1199 1619 1316 magnitudine
1638 1220 1779 1286 tamen
1801 1230 1891 1288 ore-

265 1365 423 1449 accnte,
450 1366 615 1454 acutae3
647 1353 793 1463 quinta
816 1345 1090 1462 praecedente
1105 1353 1254 1451 maior,
1283 1345 1432 1436 1¹l--1
1457 1348 1534 1433 aub
1553 1350 1738 1435 fructuss
1759 1351 1891 1439 lineas

267 1494 408 1612 longa,
446 1496 611 1614 longius
639 1516 816 1599 scutata,
850 1518 963 1584 sexta
992 1499 1178 1584 ciusdem
1210 1498 1369 1584 formae
1394 1499 1463 1583 sed
1493 1498 1632 1612 paullo
1661 1499 1890 1614 longiores

267 1647 481 1761 augustior
507 1650 721 1764 magmue
748 1650 986 1736 acuminata
1015 1653 1300 1763 teneriorque,
1332 1649 1572 1750 convoluta,
1599 1653 1790 1765 margine
1818 1648 1890 1732 ba-

269 1821 351 1879 acca
370 1792 579 1907 pistillum
599 1795 854 1906 amplectens
873 1799 1073 1910 apiceque
1092 1796 1247 1910 stylum
1269 1815 1379 1882 arcte
1399 1799 1605 1897 retinens,
1637 1826 1712 1911 per
1731 1828 1773 1882 se
1794 1801 1889 1911 qui·

271 1942 360 2029 dem
379 1942 539 2029 sterilis
559 1943 632 2028 scd
657 1947 755 2029 sinu
783 1943 1014 2029 recondens
1039 1973 1256 2058 squamam
1284 1948 1506 2058 septimam
1531 1951 1744 2033 minorem
1773 1967 1889 2031 tenc-

273 2097 421 2199 iiorem
445 2093 673 2210 oblongam
702 2113 869 2181 acutam
895 2093 1160 2183 convolutam
1188 2100 1366 2200 stamina
1395 2102 1696 2184 continentem.
1754 2101 1890 2186 Pistil-

276 2248 353 2333 lum
372 2273 513 2331 unum
534 2249 582 2330 in
602 2244 727 2331 axilla
746 2272 947 2360 squamae
966 2249 1153 2359 quintae.
1210 2245 1350 2359 Stylus
1370 2243 1650 2362 longissimus,
1669 2276 1887 2361 squamam

278 2414 423 2484 aarum
452 2395 677 2499 excedens,
709 2396 931 2499 filifcrrnia,
965 2394 1126 2511 glaber,
1152 2394 1499 2509 simplicissimus,
1530 2402 1645 2509 apice
1673 2418 1791 2483 acuto
1818 2418 1889 2483 aut

281 2547 438 2632 obscure
474 2529 890 2661 emarginato'atquc
920 2543 1049 2629 semel
1082 2545 1198 2629 bisve
1225 2562 1437 2629 contortus
1471 2563 1510 2627 et
1544 2548 1763 2645 incurvus,
1803 2547 1890 2630 basi

282 2697 457 2783 strictura
491 2698 671 2780 insertus
703 2697 850 2779 vertici
884 2698 1018 2780 ovarii
1050 2693 1311 2811 spongiolcso
1343 2694 1659 2807 capitulifcrrni3
1694 2698 1889 2780 ovarium

282 2840 516 2957 oblongum,
554 2844 786 2956 trigonum,
826 2842 1048 2958 perigynic
1075 2859 1232 2926 sexseto
1260 2840 1379 2942 brevi
1406 2843 1603 2927 cinctum.
1665 2844 1888 2959 Caryopais

283 2990 461 3090 eborata,
483 2991 660 3074 seminis
679 2991 897 3103 papaveris
917 2987 1227 3104 magnitudine,
1255 2990 1456 3101 utrinque
1476 3017 1679 3091 convexa,
1706 2991 1888 3077 subtilis-

282 3144 370 3228 sime
390 3139 931 3254 punctulatc-cxaspcrata,
959 3141 1121 3251 apicem
1141 3163 1284 3225 versus
1301 3137 1669 3241 setuloso-scabrs,
1696 3145 1889 3258 margine

283 3306 439 3406 augusto
458 3288 608 3374 calloso
627 3287 845 3402 pallidiore
869 3318 891 3372 a
914 3291 1068 3372 vertice
1087 3289 1133 3372 in
1157 3286 1274 3372 basin
1296 3303 1554 3402 angustatam
1575 3292 1777 3374 continuo
1797 3294 1888 3375 cin-

285 3458 351 3542 ttn,
366 3441 486 3553 apice
504 3437 694 3524 orbiculo
714 3467 900 3522 convexo
920 3442 1106 3523 carinato
1122 3436 1314 3551 ruguloso
1334 3454 1546 3536 coronata,
1568 3438 1655 3522 basi
1676 3440 1887 3554 perigynii

287 3586 406 3677 situlis
437 3588 556 3672 4-6
580 3588 705 3700 triplo
741 3587 1001 3677 brevioribus
1034 3604 1261 3671 retrorsum
1296 3583 1472 3697 hispidis
1496 3585 1627 3670 fundo
1653 3591 1888 3673 coniunctis

291 3740 647 3855 stipate,primu1'rr
677 3738 807 3840 lutea,
832 3738 932 3824 dein
960 3737 1084 3823 lusca
1142 3733 1236 3820 Flos
1262 3746 1312 3827 d.
1370 3735 1561 3820 Stamina
1589 3740 1689 3838 tria,
1714 3765 1887 3850 squama

298 3890 442 4004 raptim
462 3885 739 3989 circumdata3
769 3884 980 3971 blamenta
1010 3883 1205 3984 linearia,
1234 3883 1451 3981 brunnen,
1474 3909 1693 3995 squamam
1714 3885 1790 3969 sub
1811 3912 1888 3970 an-

306 4037 635 4152 bu‘aequantim
664 4035 1065 4136 antheraebnearcs,
1086 4031 1328 4146 spiculatae,
1349 4030 1613 4134 bilccellatae,
1635 4032 1781 4135 luteae,
1802 4035 1888 4120 basi

304 4188 466 4276 relidi-iu
498 4190 681 4301 stipitem
709 4185 893 4272 sterilem
919 4183 1157 4272 fililormem
1186 4202 1421 4270 attenuatae
1449 4186 1620 4296 eiusque
1647 4212 1773 4297 opera
1800 4184 1889 4269 lila-

294 4354 429 4439 meuto,
450 4339 646 4422 strictura
668 4355 812 4461 arguta
839 4335 1144 4434 intercedente,
1172 4335 1406 4447 impositae,
1434 4334 1490 4415 ita
1514 4349 1557 4415 ut
1577 4336 1715 4444 primo
1736 4352 1888 4419 attactu

378 4632 566 4719 Adnot
594 4636 630 4717 1.
689 4632 808 4718 luter
832 4633 1010 4746 apiculas
1035 4634 1213 4717 maiores
1238 4627 1476 4742 ¹fertilesque
1503 4630 1758 4745 quandoque
1783 4634 1889 4718 aliae

277 4799 492 4870 coetrrrunt
513 4784 700 4866 minores
720 4800 759 4866 et
779 4769 953 4881 steriles,
974 4799 1147 4865 neutrae
1167 4779 1236 4864 vel
1254 4776 1529 4892 probabiliter
1544 4780 1760 4866 masculae.

376 4930 452 5017 Ad
465 4948 564 5015 not.
586 4933 625 5013 2
659 4929 769 5014 Cum
785 4933 971 5043 primum
992 4932 1038 5015 in
1060 4931 1290 5043 specimine
1305 4926 1560 5040 Mcycniano
1577 4947 1682 5012 setas
1700 4929 1890 5048 bypogy-

267 5112 336 5171 nas
351 5082 563 5181 viderem,
585 5078 635 5165 ad
656 5083 931 5196 Heptastylr'n
950 5078 1368 5204 genusrcfereudum
1388 5076 1430 5162 id
1452 5104 1539 5163 esse
1556 5077 1768 5192 putabam,
1787 5106 1887 5167 narn

1463 5225 1484 5266 a
