4666 6758
906 448 949 523 C.
970 447 1018 522 G.
1040 448 1195 525 Nm„
1213 447 1410 544 nmina,
1482 506 1489 513 .

456 689 730 792 Rhyncbosporo
754 686 993 763 Wnllicbiana
1022 691 1156 765 Kaollt
1183 691 1251 763 En
1278 689 1337 764 II.
1363 713 1405 787 p.
1422 691 1507 764 289.
1537 714 1570 761 aa
1589 691 1622 762 8.
1653 690 1776 782 (cccl.
1799 679 1979 785 Cephalo·

552 823 701 898 schoeno
718 851 828 929 parvo
853 829 902 903 N.
926 829 976 902 ab
993 826 1066 919 Ε.)

456 964 691 1039 Dicbromcna
707 964 852 1039 diaudra
868 967 982 1040 Herb.
1004 967 1158 1039 Humili.
1180 992 1212 1036 aa
1225 967 1310 1039 216.
1333 974 1371 1036 el
1387 966 1495 1037 Watt.
1519 963 1596 1037 Cot.
1618 990 1650 1035 n
1663 964 1774 1038 3422.
1787 988 1818 1036 c.

457 1100 602 1207 scupus
632 1117 770 1177 remus
799 1106 914 1178 rtoea
947 1085 997 1177 et
1014 1104 1128 1178 nero.
1159 1105 1269 1177 trata
1298 1128 1331 1174 a
1351 1101 1462 1178 stas.
1537 1103 1671 1200 osgar.
1698 1098 1813 1175 nero.
1841 1124 1969 1199 propr.

555 1246 578 1315 l.
601 1267 631 1315 o.
731 1286 735 1295 ·

505 1451 537 1532 a.
567 1421 760 1539 Capitulo
781 1427 988 1538 viviparo,
1015 1453 1133 1513 coma
1150 1422 1348 1513 foliorum
1369 1443 1624 1511 setaceorum
1644 1421 1917 1507 subsecundo.

549 1632 605 1703 rr.
627 1631 677 1705 aa
694 1631 737 1703 n.
758 1633 799 1702 a
815 1631 868 1701 W.
890 1639 928 1702 er
944 1631 1111 1704 traam
1132 1629 1291 1704 maora,
1312 1633 1335 1703 t.
1350 1654 1380 1703 a.
1424 1737 1427 1741 .

474 1831 694 1915 Habitatio.
735 1829 893 1930 China,
920 1827 971 1914 ad
992 1832 1329 1943 promontorium
1349 1830 1647 1946 Syng-moon,
1674 1825 1801 1912 Iunio
1821 1849 1973 1927 mense,

360 1983 533 2096 Meycn3
563 1978 616 2064 ad
636 1978 780 2100 Macao
801 1977 950 2062 urbem
972 1995 1012 2060 et
1031 1978 1078 2061 in
1100 1980 1250 2064 vicinis
1269 1978 1437 2081 insulis,
1460 1975 1634 2063 Vachell
1653 1979 1700 2061 in
1720 1973 1801 2060 Hb.
1821 1970 1973 2076 Lindi,

360 2094 512 2234 Millet3
548 2117 847 2253 Sirkanaghur,
865 2124 1099 2230 Hamilton;
1134 2125 1327 2257 Nepalia,
1346 2125 1495 2233 walt,
1532 2126 1716 2241 Ceylon,
1737 2124 1904 2211 Macros
1928 2127 1975 2212 in'

360 2275 485 2364 Herb.
507 2270 645 2362 Lindl.
666 2294 706 2360 et
723 2273 894 2394 Wigbt;
931 2275 1162 2377 Amboina,
1190 2275 1344 2362 Lesson
1372 2278 1419 2364 in
1448 2275 1574 2362 Herb.
1594 2273 1757 2360 Kuntb.
1822 2270 1976 2381 Vana

362 2429 503 2516 China
523 2447 563 2512 et
576 2424 762 2554 'Ceylon,
786 2429 1021 2540 promiscue
1040 2456 1138 2512 cum
1158 2425 1292 2512 forma
1311 2428 1540 2512 communi.
1568 2441 1602 2518 tt

476 2642 622 2727 Planta
649 2643 880 2753 caespitosa.
941 2639 1109 2728 Radicis
1134 2639 1264 2729 fibrae
1291 2640 1460 2742 densae,
1486 2638 1683 2755 pallidae,
1709 2664 1978 2755 compressae,

360 2795 613 2909 spongiosos.
670 2789 922 2875 Culmorum
946 2790 1061 2875 bases
1087 2794 1352 2891 incrassatae,
1378 2793 1543 2907 vaginis
1569 2790 1750 2876 exaridis
1778 2788 1978 2905 elongatio

362 2941 527 3056 pallidis
552 2938 646 3026 laxe
666 2941 847 3025 vestitae.
904 2937 1047 3023 Culmi
1070 2934 1226 3026 lla—2
1245 2939 1369 3053 pedes
1389 2940 1480 3041 alti,
1508 2943 1689 3028 crassitie
1715 2966 1889 3053 pennae
1913 2966 1977 3024 oo-

364 3089 591 3189 lurnbinae,
612 3085 876 3187 teretiusculi,
896 3083 1025 3172 altero
1045 3086 1174 3175 latere
1189 3086 1328 3199 paullo
1349 3090 1479 3203 magis
1499 3086 1690 3201 depresso
1710 3086 1842 3171 altero
1862 3087 1979 3193 inae·

207 3251 209 3255 ’
364 3238 545 3351 qualiter·
562 3236 777 3339 costulato,
795 3238 943 3338 striati,
962 3239 1009 3322 in
1029 3240 1135 3322 sicco
1156 3236 1357 3322 nonnihil
1377 3240 1487 3338 torti,
1507 3264 1594 3320 non
1615 3236 1766 3338 scabri,
1787 3237 1883 3326 basi
1899 3233 1978 3323 sole

362 3385 506 3470 foliosi.
566 3384 756 3499 Vagioae
776 3388 939 3471 ratione
959 3384 1144 3471 laminae
1164 3386 1328 3488 breves,
1347 3389 1524 3492 striatee,
1544 3414 1812 3499 compressae,
1835 3384 1976 3491 laevos,

364 3535 492 3620 altero
520 3534 647 3618 latere
674 3535 1019 3621 membranaceae
1052 3534 1497 3636 lacero-dehiscentes,
1535 3539 1583 3622 in
1612 3535 1820 3623 laminam
1850 3512 1974 3633 corill-¹

365 3686 485 3769 nuno.
542 3681 658 3790 Folia
677 3682 816 3768 culmo
837 3683 1052 3797 aliquanto
1073 3685 1265 3774 breviora
1284 3702 1356 3770 aut
1375 3683 1560 3771 eundem
1579 3689 1821 3799 aequantia,
1844 3682 1909 3774 1¹t
1932 3684 1978 3773 li-

352 3860 490 3939 neam
512 3829 613 3932 lata,
637 3830 834 3934 linearia,
859 3837 1116 3935 ocunrinata,
1144 3839 1328 3920 carinata
1347 3855 1389 3922 et
1408 3838 1527 3924 basin
1557 3866 1696 3924 vorsus
1723 3833 1980 3951 complicata,

363 3981 526 4096 glabra,
553 3980 705 4083 laevia,
732 3987 921 4100 margine
947 3984 1109 4085 scabra,
1133 3982 1320 4087 flaccida,
1344 3986 1499 4101 glauca.
1563 3985 1809 4100 Capitulum
1837 3990 1980 4079 termi-

365 4131 477 4230 nale,
496 4131 791 4245 magnitudine
811 4137 929 4218 nucis
951 4134 1201 4234 moechatae,
1226 4135 1539 4249 subglobosum,
1559 4137 1748 4221 densum.
1806 4135 1979 4225 Involu-

364 4308 481 4366 crum
496 4278 852 4394 4-6-pbyllum,
871 4280 1057 4368 loliolise
1073 4284 1159 4370 basi
1176 4279 1241 4373 lla
1256 4284 1391 4371 ⁴lineas
1408 4285 1488 4372 lata
1504 4285 1764 4399 planiuscula
1781 4286 1921 4374 ciliata
1933 4292 1977 4379 in

364 4458 540 4517 acumen
556 4434 787 4516 carinatum
803 4436 1003 4518 continue
1019 4439 1251 4538 attenuatis,
1271 4439 1366 4522 totis
1380 4437 1592 4523 herbaceis
1605 4457 1645 4522 et
1660 4437 1803 4554 rigidis
1818 4438 1977 4552 patulis

363 4578 528 4664 inferne
550 4579 698 4666 ciliatis
718 4584 876 4694 apicem
893 4611 1034 4668 versus
1047 4584 1432 4687 serrulam-scabris,
1454 4610 1634 4700 quorum
1654 4591 1801 4674 maiori
1823 4592 1897 4675 vix
1919 4590 1978 4677 bi-

363 4728 560 4844 pollicari,
577 4729 748 4843 reliquis
763 4730 814 4813 ad
833 4731 954 4820 1-¹la
974 4733 1166 4845 pollicem
1180 4736 1510 4821 decrescentibus
1528 4737 1847 4851 minoribusque
1866 4741 1981 4853 capi-

361 4875 440 4965 tuli
459 4877 665 4963 ambitum
686 4881 952 4967 intrantibus
1011 4883 1202 4996 Spiculae
1222 4889 1270 4971 in
1293 4884 1502 4971 fasciculos
1522 4885 1844 5000 3-—4-stachyos
1862 4892 1983 4976 sessi-

362 5026 420 5111 les
438 5024 691 5131 distributae,
711 5032 931 5134 confertae,
950 5036 1129 5119 omnino
1148 5035 1313 5138 sessiles,
1337 5037 1525 5151 primum
1546 5036 1699 5150 pallide
1721 5040 1983 5141 virescentes,
