4666 6758
358 448 382 516 l
1039 435 1110 506 Tu.
1140 435 1277 528 Vocas,

357 678 489 765 talum
513 701 727 761 summum
755 671 878 755 modo
904 673 1116 786 integrum
1137 669 1343 754 extimum
1364 668 1489 752 modo
1514 667 1742 755 dimidium
1769 670 1979 754 intimum

358 848 433 929 est,
461 827 542 912 alia
560 825 635 910 ubi
655 826 701 907 in
723 822 872 907 eodem
890 848 1044 936 genere
1062 823 1110 905 in
1132 817 1349 904 nonnullis
1368 820 1582 937 speciebus
1606 819 1721 904 idem
1748 819 1978 904 discrimen

358 993 549 1060 constans
575 972 687 1056 adest
720 975 767 1056 in
796 971 886 1056 aliis
914 967 1175 1084 praefloratio
1202 969 1412 1054 vexillaris
1437 971 1622 1085 genuina
1658 967 1726 1084 (cf.
1747 969 1877 1053 Linn.
1896 966 1978 1052 Xl.

358 1160 397 1244 p.
417 1123 534 1240 382).
592 1121 654 1206 Ita
689 1139 799 1235 patet
826 1119 1022 1205 corollam
1050 1120 1380 1235 papilionaeeam
1415 1148 1503 1204 non
1538 1118 1741 1203 firmiores
1774 1119 1980 1231 praebere

358 1275 612 1359 characteres
638 1301 686 1356 ac
704 1271 877 1354 ovulum
897 1270 1193 1383 hemitropum.
1252 1270 1305 1352 At
1331 1268 1497 1355 fortasse
1524 1271 1602 1353 hoc
1629 1268 1804 1354 corollae
1831 1267 1978 1351 chara-

357 1443 467 1508 ctere
501 1449 655 1538 genera
690 1418 873 1507 naturali
904 1418 1105 1504 affinitate
1140 1421 1363 1503 coniuncta
1397 1421 1531 1503 rarius
1564 1447 1755 1532 separare
1788 1419 1980 1533 cogimur

359 1601 487 1687 quam
515 1568 631 1654 ovuli
655 1567 852 1653 adhibito.
911 1567 964 1652 In
992 1568 1056 1652 his
1084 1566 1395 1653 considerandis
1421 1570 1559 1652 statim
1589 1565 1709 1651 nobis
1735 1568 1907 1651 obviam
1936 1595 1979 1650 se

359 1723 437 1807 fert
456 1720 614 1817 Cercis,
641 1748 765 1831 quae,
798 1720 833 1802 si
860 1715 1121 1832 praefloratio
1149 1716 1358 1802 vexillaris
1384 1715 1597 1801 character
1617 1716 1878 1801 distinctivus
1908 1734 1979 1815 est,

359 1889 467 1955 certe
488 1868 539 1952 ad
560 1868 867 1982 Papilionaceas
892 1866 1040 1951 referri
1068 1894 1154 1950 non
1177 1884 1325 1980 potest,
1352 1868 1509 1979 quippe
1530 1894 1637 1978 quae
1657 1864 1979 1977 praefloratione

358 2016 532 2102 carinali
558 2014 744 2130 gaudeat.
802 2013 890 2096 Hoc
917 2041 1015 2098 vero
1042 2041 1191 2127 genus,
1217 2019 1252 2098 si
1279 2014 1426 2098 eodem
1454 2044 1538 2127 quo
1567 2002 1815 2099 B'entham
1852 2015 1978 2099 modo

359 2167 735 2280 Leguminosarum
749 2180 998 2246 structuram
1013 2162 1359 2277 contemplamur,
1380 2162 1639 2278 aSophoreis
1653 2192 1872 2248 removere
1887 2191 1979 2249 non

358 2339 573 2425 possumus
598 2315 711 2395 iuter
730 2340 832 2423 quas
859 2311 1003 2395 abillo
1024 2340 1192 2423 quoque
1214 2330 1504 2411 enumeratur,
1532 2331 1675 2396 contra
1696 2313 1978 2398 characterem

359 2461 579 2574 Sophoreis
593 2459 1774 2572 addictumscilicet„corollamdistinctepapilionaceam.“
1798 2459 1978 2576 Insuper

357 2638 511 2725 genera
528 2606 680 2707 affinia,
697 2635 803 2719 quae
818 2607 890 2690 illo
905 2607 1183 2691 distribuendi
1199 2608 1322 2691 modo
1335 2607 1414 2691 alia
1431 2607 1482 2690 ab
1499 2608 1589 2692 aliis
1604 2627 1889 2709 removentur,
1905 2637 1978 2693 au-

358 2779 445 2842 ctor
465 2758 489 2841 l.
507 2757 530 2840 l.
550 2760 637 2868 ipse
659 2761 940 2858 enumeravit,
967 2786 1147 2870 qnorum
1177 2786 1402 2841 numerum
1430 2757 1550 2842 facile
1572 2758 1711 2841 multis
1731 2787 1884 2874 augere
1904 2789 1979 2874 po-

359 2928 426 2990 tes.
475 2904 584 2988 Illud
606 2904 790 3016 denique
810 2905 1160 2989 considerandum
1182 2924 1322 3006 restat,
1344 2934 1483 3018 neque
1504 2906 1668 2990 habitus
1687 2907 1977 3010 similitudine,

358 3082 496 3165 neque
517 3055 699 3164 partium
722 3050 992 3135 multitudine
1018 3051 1146 3135 simili
1176 3050 1301 3134 modo
1326 3051 1599 3135 formatarum
1629 3051 1877 3137 affinitatem
1900 3082 1976 3139 na-

357 3200 533 3284 turalem
555 3227 719 3310 semper
739 3202 951 3298 constitui,
976 3198 1047 3281 sed
1075 3217 1192 3282 caute
1220 3200 1368 3282 bacin
1398 3228 1443 3283 re
1470 3199 1755 3283 characterum
1781 3230 1977 3288 momen·

358 3369 447 3433 tum
468 3348 818 3462 perpendendum
839 3377 942 3448 esse,
970 3348 1082 3460 quod
1105 3351 1275 3431 nonnisi
1298 3352 1419 3430 totius
1440 3349 1621 3432 familiae
1641 3369 1845 3436 structura
1867 3353 1976 3438 bene

356 3497 536 3610 intelligi
556 3513 696 3608 potest.
728 3495 854 3580 Unde
875 3500 1110 3580 censuerim
1130 3501 1176 3581 in
1199 3497 1487 3611 Leguminosis
1506 3498 1577 3582 illa
1598 3500 1713 3584 ovuli
1733 3500 1976 3588 discrimina

356 3645 560 3730 firmiores
591 3644 711 3727 nobis
747 3663 864 3727 notas
899 3645 1098 3760 praebere
1131 3648 1178 3729 in
1215 3646 1493 3731 diiudicandis
1524 3651 1748 3764 generibus
1781 3649 1976 3737 affinibus

357 3823 484 3908 quam
512 3791 689 3877 corollae
716 3790 976 3876 structuram.
1035 3794 1245 3878 Mimoseis
1266 3799 1383 3880 enim
1403 3800 1563 3881 omissis
1583 3801 1628 3880 in
1651 3815 1733 3882 tota
1756 3798 1833 3882 hac
1851 3798 1976 3882 fami-

357 3945 412 4028 lia
432 3943 533 4026 duas
559 3967 762 4055 generum
790 3944 1022 4053 reperimus
1046 3947 1188 4027 series:
1229 3972 1360 4029 unam
1386 3946 1535 4030 corolla
1564 3945 1868 4060 papilionacea‚
1895 3966 1977 4031 sta-

357 4091 542 4176 minibus
566 4092 755 4173 connatis
776 4107 816 4173 et
836 4089 958 4173 ovulo
980 4091 1214 4208 hemitropo
1235 4095 1484 4206 praeditam,
1511 4093 1684 4179 alteram
1705 4095 1857 4181 corolla
1877 4098 1976 4181 sub

356 4266 534 4337 rosacea,
568 4239 816 4322 staminibus
845 4237 1002 4340 liberis,
1030 4241 1154 4325 ovulo
1183 4261 1406 4356 anatrop03
1437 4262 1613 4357 utraque
1638 4246 1685 4328 in
1707 4245 1881 4330 alteram
1903 4275 1977 4332 va-

355 4391 418 4474 rio
444 4384 567 4469 modo
596 4389 753 4470 transit.
816 4387 1005 4473 Stamina
1027 4389 1156 4474 libera
1178 4409 1248 4474 aut
1268 4409 1446 4475 connata
1467 4395 1594 4476 nimis
1622 4395 1782 4476 incerta
1801 4413 1901 4478 sunt
1922 4395 1977 4481 ad

356 4551 497 4616 notam
520 4531 813 4633 exhibendam,
834 4539 1025 4647 quamvis
1045 4564 1132 4621 non
1153 4535 1422 4623 infitiandum
1443 4543 1493 4623 sit
1516 4570 1562 4624 ea
1582 4542 1628 4624 in
1651 4542 1977 4657 contemplanda

354 4684 549 4765 universa
576 4685 738 4766 ratione
764 4711 850 4767 non
873 4683 974 4769 levis
996 4715 1078 4769 esse
1100 4691 1324 4790 momenti;
1354 4688 1530 4773 corollae
1551 4717 1650 4773 vero
1672 4708 1711 4773 et
1731 4690 1845 4775 ovuli
1865 4709 1976 4777 stru-

353 4847 467 4913 ctura
488 4832 785 4915 constantiores
804 4831 1007 4943 praebent
1027 4834 1280 4919 characteres
1303 4837 1453 4948 quibus
1474 4840 1598 4921 series
1623 4837 1713 4922 illas
1733 4836 1976 4954 distinguas,

352 4982 399 5062 in
420 4978 565 5063 formis
584 4998 725 5067 sutem
746 4984 992 5069 transitoriis
1011 4986 1197 5070 invicem
1217 5015 1261 5070 se
1282 5004 1447 5102 negant.
1501 4986 1665 5072 Corolla
1685 4988 1974 5103 papilionacea
