4830 6764
391 443 466 517 162
948 435 991 509 G.
1012 434 1059 510 G.
1080 435 1237 511 Neon
1253 435 1449 531 Εεικιιοι,

392 681 539 793 pressi,
569 676 720 774 laeves,
752 672 905 789 glabri,
939 669 992 760 ad
1016 669 1259 788 geniculum
1285 669 1464 757 inferius
1488 669 1678 773 infracti,
1709 669 1788 756 sub
1814 671 2011 785 panicula

393 825 516 927 nudi,
536 814 801 910 crassiusculi.
842 820 1031 939 Vaginae
1051 823 1404 923 subventricoaae,
1423 819 1619 922 sulcatae,
1635 819 1814 937 glabrae,
1835 819 2015 907 inferior

393 973 599 1060 emarcida
636 992 674 1058 et
707 1002 828 1086 saepe
855 972 1070 1058 dehiscens
1096 970 1338 1057 internodio
1366 970 1547 1088 longior,
1586 975 1775 1085 superior
1809 970 2013 1088 elongata.

393 1123 542 1241 Ligula
582 1127 746 1211 circiter
786 1124 1029 1226 triliuearis,
1069 1122 1407 1225 membranacea,
1446 1125 1861 1225 ovato-acuminata,
1899 1151 2015 1212 mar-

392 1277 491 1391 gine
519 1273 872 1374 lacero-dentata,
913 1248 1095 1359 laminae
1128 1270 1280 1362 adnata
1316 1300 1394 1357 nac
1421 1275 1503 1383 nisi
1530 1275 1721 1389 margine
1750 1290 1789 1356 et
1817 1278 2017 1381 acumine

396 1425 540 1524 libera,
555 1423 641 1507 basi
656 1421 962 1508 subauriculata
975 1425 1086 1511 intra
1103 1425 1297 1537 vaginam
1312 1419 1577 1508 descendens
1616 1422 1731 1509 Folia
1747 1421 1903 1513 lia-2
1919 1396 2017 1538 poll.

398 1575 536 1688 longa,
566 1569 819 1658 1¹t-alin.
848 1571 945 1670 lata,
973 1573 1231 1672 acuminata,
1257 1570 1400 1684 plana,
1429 1570 1599 1671 viridia,
1628 1572 1789 1675 mollia,
1819 1602 2019 1660 nervoso-

395 1726 555 1823 striata,
593 1720 745 1837 glabra.
816 1719 1014 1805 Panicula
1044 1718 1488 1837 1-1¹tp01t10nga‚
1527 1739 1718 1837 angusta,
1757 1721 2021 1835 spiciformis.

396 1869 578 1958 Rbachis
610 1870 784 1970 undata,
817 1867 1197 1983 compressiuscula,
1231 1873 1390 1970 striata,
1425 1868 1561 1956 laevis.
1628 1869 1752 1956 Rami
1779 1870 2021 1976 iasciculati

397 2023 685 2137 quini-terni,
703 2018 893 2136 graciles,
912 2019 1190 2119 scabriusculi,
1210 2019 1461 2132 inaequales,
1482 2020 1534 2106 ad
1554 2051 1770 2107 summum
1788 2021 2021 2139 semipolli-

396 2200 529 2271 carcs,
549 2170 758 2255 breviores
778 2168 1057 2283 di-tristachyi
1077 2199 1100 2253 a
1121 2167 1208 2255 basi
1228 2165 1438 2272 florentes,
1459 2169 1664 2287 longiores
1684 2202 1706 2257 a
1730 2173 1868 2259 medio
1888 2173 2020 2261 bexa-

400 2319 694 2432 heptastachyi.
741 2319 935 2406 Pedicelli
955 2320 1107 2405 alterni
1127 2339 1197 2404 aut
1216 2323 1396 2435 gemini,
1417 2326 1490 2434 qui
1513 2321 1742 2439 longissimi
1762 2343 1860 2409 sunt
1879 2328 2019 2441 spion-

401 2472 481 2555 lam
505 2488 748 2582 aequantes,
769 2470 841 2554 alii
861 2469 1197 2584 duplo-sextuplo
1216 2472 1442 2573 breviores,
1461 2474 1744 2575 scabriusculi,
1763 2475 1840 2559 sub
1859 2476 2009 2591 spicula

399 2619 555 2720 callosi,
580 2594 756 2703 discreti.
815 2618 1004 2730 Spiculae
1024 2622 1053 2702 Ξ
1073 2618 1147 2705 lin.
1169 2619 1336 2737 longae,
1363 2619 1466 2705 dum
1486 2622 1647 2711 clausae
1667 2644 1784 2725 sunt,
1810 2622 2008 2715 meola-

400 2792 483 2870 tac,
511 2785 599 2882 post
618 2767 811 2853 anthesin
834 2786 972 2853 autem
1001 2767 1154 2884 glumis
1173 2768 1484 2887 divergcntibus
1506 2771 1680 2860 hiantes
1739 2774 2013 2883 Glumaeae·

400 2918 558 3037 quales,
582 2918 888 3031 suboppositae,
923 2916 1194 3021 lanceolatac,
1228 2923 1509 3021 acuminatas,
1544 2925 1774 3025 carinatas,
1799 2926 2017 3031 trineryea,
2051 3008 2063 3031 ,

399 3066 566 3183 glabrae
599 3068 744 3152 carina
775 3066 1093 3170 scabriusculae,
1132 3067 1251 3153 dorso
1280 3068 1451 3170 virides,
1491 3074 1684 3186 margine
1710 3071 2018 3187 albobyaliuaa.

400 3215 578 3303 Flosculi
598 3214 699 3318 due,
727 3212 763 3303 Ἃ
788 3214 862 3301 lin.
882 3216 1014 3333 longi,
1042 3217 1145 3303 alter
1163 3217 1328 3318 sessilis,
1352 3217 1458 3304 alter
1478 3216 1720 3305 brevissime
1741 3218 2020 3334 pedioellaiur.

400 3367 529 3465 ovati,
555 3363 708 3481 glabri,
732 3364 934 3466 bivalves,
963 3369 1119 3453 mutici.
1182 3365 1356 3452 Valvula
1381 3366 1558 3453 inferior
1577 3387 1715 3471 ovata,
1741 3370 1887 3457 obtuse
1911 3373 2021 3461 cari

401 3533 520 3615 nata,
540 3517 656 3627 apice
674 3515 1159 3601 sinuato-acuminulata
1178 3519 1374 3603 acumine
1394 3517 1691 3618 obtusiusculo,
1715 3520 1911 3636 margine
1929 3522 2019 3645 effi

399 3694 491 3753 cem
514 3693 652 3750 versuo
671 3663 989 3749 membranacea
1012 3683 1052 3749 et
1071 3663 1292 3766 serrulata,
1319 3664 1439 3752 dorso
1460 3698 1483 3750 e
1504 3671 1644 3754 nervis
1663 3667 1691 3753 5
1711 3666 2018 3761 oenfluentibm

400 3812 554 3928 pallide
574 3810 778 3898 viridibus
805 3815 851 3898 in
879 3816 1040 3925 apicem
1071 3816 1559 3930 angustato-inspissat05
1590 3815 1754 3904 valvula
1779 3814 2017 3933 inferioris

399 3964 587 4061 brevior,
607 3978 797 4077 angusta,
816 3960 997 4061 inclusa,
1015 3962 1421 4079 oblongo-linearis,
1440 3963 1712 4051 subtruncata
1732 3964 2021 4055 tridenticola·

401 4127 542 4220 taque,
562 4106 824 4223 marginibus
844 4127 956 4195 recta
975 4106 1160 4211 inflexis,
1185 4108 1306 4196 dorso
1325 4137 1510 4199 concavo
1530 4111 1735 4210 binervis,
1755 4110 1903 4215 laevia,
1921 4110 2021 4200 sub-

400 4257 624 4343 chartacea.
658 4255 956 4345 [ridicularum
973 4287 1027 4344 ne
1042 4261 1212 4375 vestigia
1227 4258 1399 4372 quidem
1414 4262 1576 4363 inveni,
1590 4260 1660 4346 sed
1674 4260 1856 4376 apiculae
1870 4290 2023 4351 omnes

398 4410 446 4492 in
468 4423 608 4491 nostro
626 4409 857 4518 specimine
876 4405 1097 4494 defloratae
1108 4427 1225 4495 suot
1281 4407 1517 4495 Filomeuta
1537 4376 1636 4512 tria,
1653 4410 1879 4525 capillaria.
1929 4414 2021 4523 lin-
2060 4400 2068 4417 ’

398 4553 541 4639 therae
567 4553 728 4640 desunt.
792 4554 1015 4670 Caryopsis
1038 4557 1126 4643 fere
1152 4576 1337 4661 matura,
1361 4557 1558 4677 oblonga,
1584 4589 1835 4675 compressa,
1859 4562 2021 4665 obtusa,

398 4704 590 4818 margine
615 4700 751 4788 infero
778 4700 1066 4806 canaliculata,
1100 4703 1246 4808 laevis,
1278 4705 1493 4812 brunnen,-
1523 4710 1785 4828 stigmatibus
1810 4709 2023 4801 sensilibus

396 4849 765 4963 plumoso-laceris
786 4853 835 4941 io
858 4856 1011 4941 vertice
1029 4875 1237 4943 coronata.
1287 4912 1292 4924 ·
