4666 6758
491 1645 547 1740 l.
590 1647 1279 1747 MEGIMINOSAE.

746 1862 1018 1915 AUCTORE

406 2016 766 2087 'l'lsslonollo
809 2016 1042 2097 VOGEL,
1087 2029 1229 2083 runos.
1257 2030 1364 2083 nocr.

763 2241 1006 2251 ——-.—.

82 2362 200 2528 Quas
227 2397 606 2512 Leguminosarum
635 2397 767 2481 tribus
793 2397 840 2480 cl.
867 2396 940 2478 De
968 2397 1218 2484 Candolle
1247 2399 1455 2501 exhibuit,
1483 2399 1690 2512 plerisque

63 2544 220 2641 ‚deinde
242 2547 482 2631 auctoribus
501 2564 701 2656 acceptas,
724 2547 969 2658 nuperrime
995 2545 1042 2628 cl.
1064 2545 1328 2649 Bentham,
1356 2551 1422 2632 vir
1442 2553 1554 2632 inter
1573 2548 1689 2630 bota-

85 2697 480 2806 nicessystematicae
493 2713 677 2778 auctores
698 2697 889 2809 insignis,
910 2723 956 2776 ca
978 2722 1061 2805 qua
1081 2694 1181 2777 solet
1201 2699 1418 2810 sagacitate
1439 2714 1601 2781 mutare
1621 2725 1688 2780 su-

83 2847 201 2956 scepit
222 2844 265 2961 *)
317 2843 437 2947 Quae
457 2844 545 2928 loco
565 2842 677 2928 infra
698 2843 820 2928 allato
840 2843 892 2925 de
913 2841 1186 2927 emendandis
1205 2843 1592 2961 Papilionacearum
1613 2849 1688 2929 tri-

82 2994 198 3078 bubus
219 2996 472 3077 memoravit
491 2990 612 3075 valde
633 2990 758 3106 digna
779 3008 876 3072 sunt
900 2991 946 3073 in
975 3018 1082 3102 quae
1109 2990 1229 3075 altius
1255 2995 1515 3104 inquiratur;
1545 2996 1686 3078 minus

80 3144 229 3228 felicem
257 3145 372 3226 viam
405 3168 504 3225 vero
532 3140 579 3223 cl.
600 3143 666 3224 vir
700 3142 906 3252 ingressus
940 3168 1024 3222 esse
1059 3140 1165 3223 mihi
1199 3140 1364 3225 videtur
1397 3145 1444 3226 in
1479 3141 1687 3254 ponendis

77 3291 453 3404 Papilionacearum
474 3307 513 3372 et
534 3286 915 3400 Caesalpiniearum
937 3284 1101 3371 finibus.
1161 3289 1262 3373 Sine
1283 3288 1409 3374 dubio
1430 3293 1476 3374 in
1499 3317 1685 3374 errorem

76 3438 230 3540 incidit,
253 3439 364 3552 quod
386 3436 620 3536 contendit,
648 3440 883 3519 radiculam
903 3454 1117 3520 curvatam
1139 3454 1209 3519 aut
1229 3457 1383 3521 rectam
1405 3437 1682 3523 characterem

75 3585 324 3671 essentialem
348 3585 497 3669 horum
520 3583 797 3669 subordinum
818 3584 982 3683 haberi,
1009 3583 1108 3699 (nec
1128 3612 1226 3667 vcro
1248 3585 1455 3669 radiculae
1476 3590 1681 3671 rationem

74 3736 114 3820 ad
132 3753 271 3819 totum
294 3733 603 3850 embryonem).
665 3731 783 3835 Quae
811 3731 835 3817 l.
855 3763 887 3815 c.
914 3762 951 3844 p.
967 3729 1023 3814 85
1051 3730 1167 3816 dicit:
1196 3731 1442 3832 „Distinctio
1471 3737 1583 3819 inter
1609 3737 1683 3820 So·

75 3884 236 3996 phoreas
254 3901 294 3966 et
310 3882 494 3966 Cassieas
513 3911 536 3964 a
554 3881 778 3965 Bronnio
800 3899 839 3963 et
855 3879 1129 3965 Candollio
1151 3913 1173 3963 e
1194 3881 1279 3964 solo
1292 3880 1524 3994 embryone
1539 3913 1681 3997 sump-

79 4055 110 4116 ta
126 4050 196 4131 est,
222 4031 294 4115 sed
316 4035 363 4115 in
385 4030 614 4144 Calpurnia
635 4049 838 4115 structura
864 4034 1037 4114 seminis
1065 4032 1169 4114 mihi
1196 4035 1374 4115 omnino
1399 4033 1544 4117 eadem
1566 4032 1681 4118 vide·

80 4203 138 4267 tur
155 4212 199 4266 ac
215 4185 262 4266 in
286 4181 527 4265 Bovvdichia
549 4201 589 4264 et
610 4180 801 4282 Cercide‚
832 4184 938 4265 etin
960 4180 1147 4294 Sophora
1168 4200 1397 4267 tomentosa
1420 4203 1459 4267 et
1479 4183 1680 4285 Ormosia,

78 4336 107 4414 si
122 4331 298 4416 radicula
321 4311 604 4449 (Brevissima)
626 4359 714 4416 non
740 4333 917 4416 omnino
945 4349 1053 4414 recta
1080 4349 1154 4431 est,
1182 4332 1254 4414 vix
1281 4334 1410 4444 magis
1437 4335 1680 4418 incurvatur

83 4509 119 4564 ac
142 4484 185 4564 in
212 4479 431 4564 Bauhiniis
458 4480 690 4594 Cassiisque
725 4479 923 4594 pluribus.
990 4477 1213 4563 Character
1252 4510 1275 4563 c
1314 4480 1464 4565 corolla
1505 4482 1679 4594 papilio-

87 4660 191 4715 nacea
210 4649 398 4742 sumptus
418 4628 576 4714 facilior
603 4648 681 4731 est,
709 4649 748 4713 et
775 4648 820 4713 ut
847 4628 1012 4713 videtur
1039 4630 1170 4742 magis
1198 4628 1414 4730 naturalis,
1442 4631 1516 4713 etsi
1544 4627 1679 4714 affini-

92 4799 138 4862 tas
154 4806 295 4894 magna
319 4797 379 4862 cst
399 4781 509 4863 inter
525 4777 760 4863 Ormosiam
783 4796 823 4861 ct
844 4775 1127 4862 Bovvdichiam
1142 4775 1448 4888 Sophorearum
1472 4795 1510 4863 et
1530 4778 1678 4864 Thale-

94 4973 457 4983 ——-—-—-.---0

161 5061 331 5125 aarum
352 5064 406 5124 des
432 5062 552 5125 Wiener
573 5063 723 5128 Muserom
745 5066 800 5129 der
820 5063 1096 5148 Nonnyercltichte.
1139 5063 1179 5125 11.
1191 5063 1256 5128 Bd
1278 5062 1404 5127 [Abth.
1425 5065 1457 5128 S.
1470 5061 1514 5130 63
1533 5087 1634 5131 nan.

255 5188 400 5243 701.er
423 5189 521 5260 sappi.
1255 5178 1273 5247 1
