4666 6758
335 420 409 493 too
890 414 935 487 G.
957 412 1002 488 G.
1021 412 1118 486 Nrrs
1134 437 1177 485 su
1195 412 1391 506 Essuuios,

335 658 584 755 biconmxn,
608 684 634 740 a
653 668 784 738 rostro
803 678 877 736 suo
897 647 1011 736 linea
1028 647 1117 735 fera
1136 667 1247 737 recta
1268 650 1460 751 discrete,
1474 600 1652 735 asutriide
1672 643 1848 747 luteola,
1872 644 1955 731 sul-

337 805 439 891 culis
464 800 838 918 longitudinalibus
862 829 1012 915 parum
1038 799 1257 914 profundis
1282 797 1497 887 undulatis
1521 798 1793 885 transversim
1819 792 1956 883 obita

337 956 486 1041 striatis
511 951 728 1067 insculpta.
791 952 911 1037 Setae
943 951 1156 1067 perigynii
1185 980 1276 1052 sex,
1307 967 1537 1035 retrorsum
1569 946 1777 1062 hispidae,
1809 944 1955 1049 luteae,

336 1104 562 1205 flexuosae,
585 1104 805 1217 caryopsin
826 1129 921 1185 cum
943 1118 1074 1185 rostro
1094 1102 1182 1184 eius
1202 1098 1293 1213 plus
1314 1097 1440 1213 duplo
1460 1098 1716 1185 excedentes.

454 1252 634 1338 Adnot.
676 1254 1011 1367 eryncbospora
1032 1280 1165 1334 aurea
1190 1247 1348 1350 Vahlii,
1376 1247 1486 1362 quod
1508 1246 1561 1334 ad
1580 1272 1841 1360 synonyma,
1868 1240 1953 1356 plu-

340 1432 406 1489 res
426 1401 713 1515 complectitur
732 1402 902 1515 species,
929 1398 1155 1485 nonnullas
1181 1396 1248 1482 vel
1275 1395 1327 1482 ad
1354 1423 1508 1513 genera
1536 1395 1696 1481 diversa
1717 1411 1952 1509 spectantes,

343 1579 524 1664 quarum
545 1548 703 1663 aliquot
723 1547 792 1634 bic
811 1548 1008 1633 brevibus
1026 1571 1337 1662 persequemur.

457 1832 795 1946 Rlsyncltospora
818 1833 1101 1948 corymbifcra
1126 1831 1177 1915 N.
1195 1829 1250 1915 ab
1271 1827 1317 1913 F.
1343 1828 1554 1939 corymbis
1579 1826 1824 1927 exilioribus
1850 1855 1952 1921 uom-

344 1980 485 2095 positis
505 1998 663 2064 exserte
682 1979 971 2093 pedunculatis
996 1984 1042 2066 in
1065 1977 1332 2065 terminalem
1352 1977 1678 2090 decompositum
1700 1978 1957 2085 abeuntibm,

344 2128 519 2215 ramulis
536 2127 988 2247 glabriusculis,1·hachi
1007 2131 1226 2214 communi
1237 2128 1393 2230 scabra,
1403 2127 1570 2242 spiculis
1587 2101 1956 2225 lanceolata-subu·

347 2277 438 2363 latis
468 2275 722 2380 suhbifloris,
754 2279 918 2366 rostello
945 2277 1134 2365 subulato
1163 2278 1290 2363 latere
1315 2277 1469 2363 sulcato
1495 2280 1713 2392 caryopsin
1742 2278 1957 2367 obovatem

347 2425 583 2540 rugulosam
611 2446 837 2544 aequante,
861 2430 956 2513 setis
982 2429 1194 2543 perigynii
1219 2428 1440 2541 caryopsin
1465 2428 1776 2539 superantibus,
1806 2431 1961 2544 vaginis

349 2579 560 2663 truncatis.

453 2745 729 2850 Rhynebospora
752 2772 858 2821 sures
879 2750 1048 2823 RobBr.
1071 2751 1205 2823 Pmdr.
1230 2752 1286 2821 Fi.
1309 2750 1400 2823 Noa.
1424 2752 1521 2824 Holl.
1544 2756 1681 2848 pibo.
1703 2754 1763 2827 ed.
1784 2752 1835 2825 Ν.
1857 2754 1959 2831 (ιδ-Ε

544 2911 587 2983 p.
602 2889 660 2961 86.
679 2889 806 2986 (enci.
826 2887 979 2985 synon)
1016 2886 1165 2961 ‘Sieber
1181 2889 1387 2984 Agrostotlt.
1410 2915 1442 2957 n.
1454 2892 1513 2963 96.
1643 2932 1647 2939 ·

465 3050 518 3139 In
538 3052 684 3143 Novae
703 3050 952 3139 Hollandiae
980 3052 1186 3141 littoribus
1211 3054 1322 3140 infra
1343 3060 1550 3170 tropicum
1576 3058 1646 3176 (R.
1669 3056 1866 3176 Brown).
1917 3058 1960 3151 ln

352 3201 539 3315 Ceylano
559 3202 707 3288 insula.
748 3201 871 3290 Herb.
892 3203 1032 3289 Lindl.
1920 3268 1923 3275 -

468 3348 590 3455 Quod
612 3350 666 3437 ad
684 3352 937 3467 spicularum
958 3353 1138 3440 colorem
1159 3354 1423 3470 formamque
1436 3356 1590 3443 similis
1611 3360 1962 3474 Rbpnclwepem

353 3505 635 3617 tityi-scideris,
657 3501 728 3586 sed
748 3500 1055 3591 inflorescentia
1075 3523 1136 3590 est
1153 3504 1333 3619 perfecta
1352 3506 1614 3621 corymbosa',
1635 3508 1790 3613 laxior,
1813 3508 1956 3624 pedum

352 3656 456 3743 culis
475 3656 1131 3773 longioribustenerioribusque,
1150 3658 1341 3772 corymbi
1362 3659 1594 3744 terminalis
1611 3654 1858 3776 ¹corymbuli
1873 3658 1961 3761 lm

353 3810 461 3896 ralas
486 3807 739 3907 intermedio
766 3807 984 3926 longiores.
1014 3807 1231 3924 'Spiculae
1250 3828 1349 3895 sunt
1374 3809 1514 3924 paullo
1535 3810 1758 3929 longiores,
1784 3812 1819 3897 4
1843 3806 1968 3903 lin*

354 3986 471 4060 rum,
490 3989 514 4043 a
533 3988 605 4043 sex
624 3961 808 4072 squamis
826 3956 1014 4045 ovalibus
1034 3956 1533 4065 mucronato-aristolaus
1550 3959 1771 4065 conflatae,
1792 3982 1971 4078 quam

355 4110 504 4221 quinta
531 4108 715 4193 maxum
734 4103 890 4191 florem
916 4104 1152 4221 perlectum
1174 4105 1414 4192 triandrum
1446 4107 1735 4221 amplectitur,¹
1763 4104 1974 4225 -snpr'utim¹

353 4286 464 4372 quae
483 4254 621 4370 pa'ullo
640 4257 795 4357 minor,
813 4257 862 4340 iu
878 4254 1088 4369 plerisque
1099 4255 1350 4342 masculum.
1388 4256 1527 4370 Stylus
1545 4257 1632 4343 solo
1651 4260 1770 4374 apice
1791 4259 1974 4353 brev-iuri

354 4407 488 4519 spatio
508 4402 657 4490 bifidus
671 4412 753 4490 'ost
806 4402 1073 4518 Totuplanta·
1090 4396 1229 4519 paullo
1250 4409 1410 4508 minor,
1428 4407 1632 4523 gracilior.
1753 4450 1756 4467 =
1834 4436 1838 4443 ·

470 4628 811 4804 Rhynslaspora
835 4650 1138 4803 suffocaturus
1166 4690 1215 4775 N.
1235 4689 1288 4775 ab
1314 4687 1363 4777 E.
1397 4690 1602 4803 paniculis
1633 4630 1879 4779 exilioribus
1902 4722 1978 4781 uu·

357 4835 745 4952 symbosisjdiffusis
763 4854 923 4925 exserte
941 4838 1231 4953 pedunculetis
1255 4841 1304 4923 in
1329 4840 1591 4953 corymbum,
1607 4839 1879 4927 terminalem
1903 4842 1980 4943 sb-

357 4987 570 5089 euntibus‚
589 4985 1082 5105 ramulisglabriuseulis,
1099 4987 1268 5103 spinulis
1286 4986 1524 5077 lanceolatis
1541 4987 1792 5093 suhbiiloris,
1809 4990 1983 5085 rastello
