4666 6758
352 441 378 510 2
1035 438 1106 509 ΤΗ.
1135 438 1273 532 Vosne,

351 677 456 759 siam
488 674 747 786 Layiamque
773 672 1084 776 Cassiearum;“
1133 673 1235 757 haee
1262 692 1302 757 et
1328 673 1449 786 plura
1484 673 1564 758 alia
1590 677 1638 758 in
1666 670 1977 786 prolegomenis

353 823 475 908 allata
495 822 603 907 clara
623 821 849 906 ostendunt
869 840 1081 907 auctorem
1103 841 1266 923 notam,
1286 851 1393 935 quae
1419 826 1518 935 quia
1545 820 1704 907 facilius
1732 820 1977 903 observatur

355 1003 429 1087 pro
450 972 685 1056 charactere
706 973 937 1074 adhibetur,
957 1002 1054 1057 curn
1067 971 1147 1055 hoc
1165 975 1253 1082 ipso
1274 971 1517 1071 confudisse,
1536 975 1606 1055 i.e.
1621 973 1863 1054 radiculam
1883 994 1977 1051 cur-

355 1140 493 1205 vatam
513 1150 608 1204 cum
632 1125 856 1235 embryoue
875 1138 1063 1221 curvat03
1094 1136 1278 1202 attamen
1300 1145 1354 1199 ue
1376 1118 1551 1229 embryo
1569 1115 1743 1229 quidem
1763 1115 1979 1200 character

357 1270 582 1355 essentialis
609 1289 666 1355 est
694 1270 764 1354 sed
791 1289 955 1353 tantum
978 1286 1094 1368 nota,
1122 1266 1332 1350 character
1358 1268 1531 1349 veroin
1560 1265 1684 1349 ovulo
1712 1262 1978 1377 quaerendus

358 1440 426 1503 est.
485 1420 819 1532 Campylotropis
839 1420 886 1503 cl.
908 1416 1089 1502 Mirbel
1118 1415 1504 1528 Papilionacearum
1523 1414 1646 1499 ovula
1667 1412 1977 1513 adnumeravit,

359 1595 465 1681 quac
490 1569 659 1679 proprio
688 1568 863 1649 nominc
890 1562 1172 1674 „hemitropa“
1198 1559 1385 1645 vocanda
1414 1589 1498 1642 esse
1524 1558 1811 1643 demonstrare
1837 1557 1979 1644 studui

360 1745 444 1800 una
473 1745 568 1799 cum
595 1719 714 1798 amic.
741 1713 1074 1798 Schleidenio
1100 1716 1145 1794 iu
1169 1707 1372 1792 schedulis
1393 1711 1638 1820 nuperrime
1663 1710 1710 1791 in
1732 1709 1845 1791 hisce
1867 1708 1978 1791 Actis

360 1865 489 1962 editis,
510 1861 670 1946 diversa
693 1867 739 1946 in
756 1861 929 1974 eoquod
946 1859 1256 1971 campylotropa
1277 1856 1448 1969 quidem
1469 1855 1656 1939 suntsed
1677 1856 1807 1968 raphe
1828 1855 1978 1941 distin-

359 2031 421 2093 cta
449 2010 645 2122 praedita.
704 2009 791 2093 Hoc
811 2008 925 2092 ovuli
946 2035 1193 2102 curvamen,
1221 2009 1267 2088 in
1291 2022 1428 2088 nostra
1449 2005 1620 2116 quidem
1643 2004 1822 2106 familia,
1851 2007 1978 2089 etiam

360 2157 636 2267 embryoncm
657 2174 874 2239 curvatum
896 2155 1036 2254 efficit,
1067 2173 1107 2237 et
1128 2155 1195 2236 hic
1215 2152 1464 2264 plerumque
1486 2156 1611 2236 etiam
1632 2152 1864 2239 radiculam
1885 2183 1979 2239 cur·

360 2326 517 2406 vetam3
547 2307 581 2386 si
602 2332 701 2387 vero
721 2303 906 2389 radicula
921 2305 1160 2387 brevissima
1184 2321 1241 2385 est
1263 2300 1548 2418 (mamillaris)
1571 2321 1681 2388 recta
1703 2323 1874 2416 apparet
1897 2304 1979 2420 (ex.

360 2482 418 2568 gr.
439 2457 484 2536 in
507 2450 716 2551 Ormosia,
743 2451 928 2562 Sophora
951 2469 1196 2550 tomentosa,
1217 2450 1455 2567 Stvartzia),
1483 2470 1583 2534 tunc
1610 2480 1708 2535 vero
1735 2451 1856 2536 facile
1876 2482 1980 2536 ovu-

361 2602 448 2684 lum
472 2600 656 2716 (semen)
678 2599 960 2711 hernitropum
988 2599 1040 2682 ab
1068 2619 1268 2711 auatropo
1289 2599 1542 2713 distinguere
1568 2620 1681 2711 potes
1707 2604 1741 2685 si
1769 2602 1979 2687 radiculae

360 2748 488 2833 finem
510 2778 606 2831 curn
627 2747 789 2832 chalam
811 2747 921 2831 linea
943 2749 1177 2860 coniungis,
1206 2775 1314 2858 quae
1338 2749 1384 2829 in
1406 2750 1545 2858 priore
1566 2767 1733 2833 curvata
1755 2769 1813 2834 est
1841 2749 1979 2868 (etita

361 2898 532 3011 quidem
560 2916 604 2979 ut
633 2897 766 2980 hilum
794 2900 841 2980 in
873 2915 1092 2980 curvatura
1121 2899 1300 3007 positum
1326 2895 1397 3012 sit)
1426 2900 1474 2980 in
1503 2897 1630 2985 altero
1658 2918 1780 2984 recta.
1841 2900 1979 2984 Semel

362 3065 525 3130 tautum
552 3045 640 3128 vidi
667 3049 828 3129 semina
856 3064 1055 3156 anatropa
1082 3047 1130 3127 in
1159 3043 1309 3156 quibus
1336 3043 1437 3127 haec
1470 3045 1579 3128 linea
1616 3074 1705 3129 non
1738 3065 1852 3132 recta
1881 3067 1979 3148 erat,

362 3195 473 3308 quod
495 3194 733 3306 exemplum
756 3197 881 3277 etiam
902 3193 1080 3276 ostendit
1107 3192 1336 3276 radiculam¹
1364 3212 1575 3277 curvatam
1604 3224 1691 3278 non
1719 3215 1977 3281 constantem

361 3341 475 3425 evuli
495 3342 725 3453 hemitropi'
745 3341 1024 3424 characterem
1054 3371 1147 3424 esse.
1206 3342 1258 3424 In
1280 3342 1418 3424 Cassia
1443 3342 1665 3426 reniformi
1686 3343 1795 3428 Don.
1826 3374 1979 3457 nempe

360 3492 520 3573 semina
546 3506 747 3598 anatropa
774 3507 871 3571 suut
897 3487 1147 3601 plerumque
1175 3509 1220 3571 ut
1247 3493 1293 3573 iu
1323 3493 1467 3572 ceteris
1494 3493 1726 3605 embryoue
1753 3513 1885 3596 recto,
1910 3497 1978 3580 sed

363 3666 449 3720 non
471 3663 566 3718 raro
586 3633 813 3717 radiculam
835 3654 1045 3719 curvatam
1074 3639 1239 3736 inveni,
1267 3641 1322 3720 ita
1351 3656 1493 3721 tamen
1521 3659 1567 3724 ut
1593 3644 1710 3753 apice
1732 3671 1820 3726 uon
1842 3642 1978 3729 hilum

361 3802 512 3896 spectet
540 3781 916 3900 (quemadmodum
944 3789 991 3868 in
1019 3789 1179 3869 semine
1204 3785 1459 3904 hemitropo)
1494 3789 1563 3872 sed
1592 3789 1643 3872 ab
1673 3822 1721 3875 eo
1749 3821 1892 3876 aversa
1917 3798 1978 3894 sit,

361 3930 475 4014 unde
497 3930 607 4013 linea
629 3959 653 4012 a
672 3929 881 4013 radiculae
901 3927 984 4013 fine
1005 3931 1056 4014 ad
1077 3931 1283 4015 chalazam
1300 3953 1465 4018 curvata
1483 3936 1654 4047 quidem
1671 3955 1728 4019 est
1742 3936 1813 4020 sed
1829 3937 1921 4022 talis
1936 3957 1979 4023 ut

362 4079 607 4160 curvamine
624 4076 760 4159 hilum
784 4076 973 4160 excludat
993 4078 1062 4194 (cf.
1085 4078 1210 4163 Linu.
1234 4078 1309 4163 XI.
1329 4081 1491 4193 puts).
1549 4082 1661 4166 Hinc
1682 4083 1815 4170 elucet
1835 4084 1977 4172 chara·

362 4246 517 4309 cterem
538 4225 673 4308 adhuc
693 4225 927 4310 adhibitum
948 4229 1060 4310 inter
1076 4227 1380 4341 Caesalpinieas
1401 4248 1440 4314 ct
1455 4229 1762 4342 Papilionaceas
1783 4261 1872 4317 non
1895 4252 1978 4318 tam

363 4376 498 4459 levem
519 4404 603 4458 esse
622 4374 691 4457 sed
707 4375 1033 4492 physiologicum
1050 4382 1095 4462 iu
1112 4410 1154 4461 sc
1169 4401 1433 4465 momentum
1447 4386 1675 4466 continere.
1696 4383 1843 4486 Ovula,
1858 4386 1979 4471 inde-

363 4552 444 4636 que
464 4526 644 4621 semina,
671 4524 904 4636 hemitropa
927 4545 966 4609 et
987 4545 1184 4639 anatropa
1205 4533 1251 4613 in
1275 4529 1649 4645 Leguminosarum
1677 4532 1836 4618 familia
1865 4565 1890 4619 a
1909 4562 1980 4651 ge-

363 4675 497 4756 nuina
516 4671 649 4755 forma
678 4672 891 4757 interdum
917 4675 1110 4760 recedere
1140 4696 1179 4761 ct
1205 4682 1251 4763 in
1281 4678 1405 4763 aliam
1434 4684 1610 4764 transire
1636 4701 1757 4767 autea
1785 4686 1978 4799 ignotum

363 4839 469 4922 erat;
497 4819 802 4906 observationes
822 4852 940 4908 meae
960 4826 1007 4907 in
1026 4825 1267 4937 Leptolobio
1288 4827 1490 4946 (Vglmec
1504 4828 1669 4945 Benth.)
1691 4833 1853 4942 primae
1872 4831 1980 4916 illud

362 4967 700 5055 demonstrarunt
745 4990 785 5054 et
830 4991 1036 5086 quantum
1081 4979 1165 5062 scio
1213 4981 1337 5064 unico
1376 4979 1586 5093 exemp10,
1639 5009 1738 5065 nam
1778 4984 1829 5066 iis
1868 5011 1980 5096 quae
