4666 6758
357 422 435 500 2⁰⁴
915 418 960 493 C.
982 418 1028 494 G.
1048 418 1417 518 thllirmrex,

357 658 528 747 valvula
539 657 735 743 inferiori
748 660 1001 743 mucronata
1021 674 1153 743 nervo
1173 656 1780 775 laterali-angularibuperioll
1791 655 1986 744 breviori

359 813 550 925 margine
570 807 845 911 breviciliata,
870 808 1009 894 culmo
1029 807 1307 895 adscendente
1324 806 1986 928 geniculatoazibginisinargiu'fl

357 986 514 1073 oreque
531 956 697 1067 ciliatis,
715 955 826 1067 foliis
843 960 1027 1071 angustis
1045 955 1224 1077 (infimis
1242 988 1340 1067 cum
1355 962 1521 1078 vaginis
1531 990 1661 1075 saepe
1679 955 1888 1075 hirsutis)-

471 1139 524 1226 In
545 1138 1152 1258 PromontorioSyng-moon,
1176 1140 1297 1228 Iulio.
1333 1138 1419 1247 Q?
1517 1176 1563 1213 ε’.
1605 1144 1611 1195 ῖ
1674 1160 1681 1173 ·
1723 1144 1728 1153 ’

444 1360 449 1375 ·
473 1320 599 1425 Quod·
617 1322 669 1408 ad
688 1330 936 1421 structuram
955 1321 1210 1439 spicularum
1229 1326 1460 1439 earumque
1477 1324 1684 1410 texturam
1700 1320 1863 1410 accedit
1876 1318 1975 1415 Ere-

358 1474 485 1588 grosti
502 1473 762 1585 interruptae
780 1490 823 1557 et
842 1471 1075 1590 elongatae,
1094 1471 1236 1559 differt
1254 1484 1397 1558 autem
1412 1490 1457 1558 et
1471 1473 1535 1558 ab·
1547 1472 1628 1575 lran'
1645 1491 1687 1569 et
1698 1472 1761 1562 'ab
1780 1470 1969 1571 omnibu

286 1696 289 1707 .
359 1618 594 1706 confinibus
612 1620 819 1708 valvula
839 1625 1099 1736 superiori
1122 1623 1220 1737 pilis
1238 1604 1440 1711 nonnihil
1456 1627 1643 1709 recursis
1655 1622 1769 1710 baud
1782 1621 1962 1721 masau

360 1767 534 1883 quidem
559 1769 630 1854 sed
657 1773 753 1856 satis
779 1773 934 1859 crebris
960 1773 1068 1860 ultra
1096 1772 1306 1869 valvulam
1337 1744 1585 1860 inferiorem
1610 1777 1658 1859 in
1684 1775 1767 1860 situ
1796 1778 1956 1873 natural

358 1947 510 2032 parum
532 1929 702 2004 exsertis
724 1919 871 2007 ciliata.
1579 1926 1582 1937 '

473 2101 617 2187 Culmi
636 2133 660 2187 e
678 2102 819 2190 radice
835 2102 983 2190 fibrosa
1003 2102 1175 2219 pedales
1197 2125 1238 2191 et
1257 2105 1481 2224 longiores,
1508 2104 1954 2199 decumbenti-adomn-

359 2252 515 2354 dentes,
533 2252 750 2366 simplices,
770 2271 929 2355 teretes,
950 2254 1212 2342 multinodas
1254 2250 1444 2373 Vaginae
1462 2253 1715 2341 internodiis
1732 2253 1861 2370 duplo
1880 2255 1953 2347 bre·

359 2385 495 2489 viores
519 2430 592 2488 ore
619 2402 740 2519 longe
768 2403 959 2490 barbato.⁴
1012 2400 1127 2491 Folia
1153 2423 1325 2522 'anguste
1351 2405 1528 2491 linearia
1554 2405 1691 2523 (a-o
1719 2402 1814 2520 poll
1834 2402 1971 2525 longe,-

362 2555 383 2635 1
409 2552 482 2637 lin.
503 2550 622 2669 leta),
643 2570 866 2655 attenuate,
889 2552 1085 2670 rigidula,
1104 2556 1259 2656 scabra,
1279 2553 1567 2640 fasciculorum
1589 2583 1686 2639 eum
1706 2556 1868 2671 vaginis
1880 2554 1956 2645 bir-

358 2719 459 2787 suta.
498 2699 696 2787 Peniculo
714 2703 830 2786 a-3
850 2702 945 2817 poll.
960 2703 1095 2819 longa,
1113 2730 1277 2789 sursum
1297 2706 1520 2791 incrassata
1541 2721 1582 2787 et
1602 2701 1837 2808 densiflora,
1855 2705 1956 2797 basin

361 2877 499 2943 versus
518 2849 571 2952 ob
591 2877 729 2935 ramos
748 2853 880 2967 magis
899 2851 1097 2939 distames
1120 2854 1263 2938 minus
1288 2851 1513 2950 confertim
1536 2848 1735 2945 florentes
1751 2871 1959 2951 attenuata

358 3001 484 3101 Remi
501 3026 656 3097 ,omnes
680 3005 883 3116 appressi,
911 3000 1086 3101 solitarii
1118 3001 1254 3100 axillis
1286 3000 1493 3103 barbatis,
1518 2999 1630 3101 haud
1655 2972 1807 3115 procul
1824 3032 1862 3103 a
1883 3003 1961 3107 δη·

358 3149 486 3234 dense
510 3147 763 3265 spiculigeri,
789 3147 1131 3262 7-pleiostaohyi.
1195 3146 1391 3232 Pedicelli
1415 3120 1571 3260 spicula
1599 3147 1959 3266 breviores,.sups·,

356 3303 520 3386 riorum
539 3297 793 3413 spicularum
813 3299 1057 3400 brevissimi.
1116 3294 1307 3410 Spiculae
1325 3295 1481 3385 2-at2
1504 3296 1580 3383 lin.
1600 3297 1768 3417 longae,
1787 3297 1956 3412 pallidae

356 3448 512 3536 Gluma
538 3448 715 3533 inferior
736 3447 913 3532 brevior.
952 3444 1150 3547 ,Glumae
1176 3463 1223 3531 ut
1247 3444 1439 3531 valvulae
1464 3443 1728 3553 flosculorum
1754 3444 1951 3541 inferiore

224 3693 231 3709 ,
356 3594 783 3697 ovato-lanceolatae,
806 3584 1123 3697 scabriusculae,
1148 3596 1264 3708 apice
1288 3612 1460 3711 angusto
1486 3590 1656 3711 oblique
1680 3570 1943 3727 subtruncatp

357 3769 398 3835 et
418 3766 697 3833 mucronatae.
757 3732 960 3831 Valvulae
980 3746 1203 3846 trine'r'ves,
1232 3746 1374 3831 ner'vis
1393 3743 1630 3832 lateralibus
1642 3716 1765 3832 'trans
1785 3700 1976 3835 mediul'

355 3898 608 3985 abbreviatis
635 3890 898 4011 preminulis
956 3893 1137 3983 Valvula
1160 3898 1352 4011 superior
1373 3895 1568 3987 inferiori
1596 3894 1636 3987 δ.
1661 3897 1850 4001 brevior,
1876 3926 1949 4013 per-

354 4051 511 4135 sistens
1325 4122 1360 4137 ..
1498 4120 1506 4139 ,.
1628 4075 1652 4139 J..
1782 4070 1896 4143 ψ
1930 4066 1952 4143 l

287 4326 290 4331 .
470 4229 650 4316 Adnot
688 4228 917 4347 Eragrostis
941 4229 1168 4344 Zeylanica
1193 4232 1252 4320 Ν.
1277 4233 1331 4317 αδ
1350 4233 1406 4317 Ε.
1428 4237 1476 4317 in
1493 4212 1630 4317 Heri.
1652 4208 1956 4321 naitanum

353 4380 549 4498 panicula
569 4381 730 4483 laxiori,
748 4383 877 4468 ramis
895 4379 1143 4466 distantibus
1161 4381 1323 4495 patulis,
1343 4380 1507 4467 valvula
1526 4366 1720 4470 inferiori
1739 4380 1859 4471 haud
1876 4408 1960 4471 mu-

353 4547 523 4615 cronata
541 4528 612 4617 sed
631 4529 877 4643 simpliciter
895 4547 1040 4632 acuta,¹
1052 4528 1262 4643 superiori
1281 4520 1408 4643 duplo
1428 4527 1730 4619 lere-breviori.

642 4704 779 4778 .·‚}:¹..<.
829 4740 834 4755 ι
1301 4766 1303 4771 ,
1355 4702 1859 4807 ·“,-,;.,-.,’.’>πῃ,’.ι’-.ὶδιιδῑςῑκῖε

464 4848 778 4963 ffls'saqrcstis
799 4851 1036 4966 Zeylanleq
1061 4848 1199 4934 Neue
1226 4847 1273 4934 R
1303 4847 1531 4961 panidtvlae
1552 4854 1973 4963 compsanam

352 4994 1005 5113 brevibus-psoensiuueuarne
1020 4997 1361 5115 rub'simplicibus'
1382 5002 1517 5116 -pr'ope
1541 5028 1568 5088 e
1592 4998 1978 5110 barillei'e'mibm'}
