4830 6764
380 490 432 561 80
939 486 983 559 C.
1005 483 1053 559 G.
1073 485 1169 559 Nuus
1185 487 1441 578 urbismuros,

381 750 469 810 uno
496 724 677 808 alterove
703 685 917 836 distachyo
943 739 1055 807 recto
1081 722 1248 835 spiculis
1279 721 1469 824 alternis,
1500 724 1673 837 reliquis
1707 723 2002 810 monostechiis

382 877 574 959 recurvis.
632 870 886 956 Involucella
908 870 1116 986 diphytta,
1143 870 1373 961 umbellula
1399 872 1611 973 breviora,
1638 904 1662 958 e
1688 873 1777 959 basi
1805 873 1885 960 lata
1912 904 2002 964 sca-

380 1028 487 1110 riosa
513 1021 717 1108 subulata.
775 1021 967 1135 Spiculae
986 1017 1143 1110 2-2¹lr
1167 1022 1297 1108 lineas
1319 1021 1483 1139 longae,
1506 1041 1671 1124 ovatae,
1689 1023 2003 1111 obtusiusculae.

381 1176 591 1287 Squamae
611 1172 1066 1274 ovato-subruendae,
1087 1175 1313 1273 carinatas,
1341 1173 1516 1259 carinali
1538 1202 1669 1259 nervo
1690 1174 1817 1259 viridi
1837 1179 1883 1259 in
1907 1204 2005 1260 rnu-

380 1352 555 1408 cronern
583 1323 875 1406 brevissimum
900 1340 1165 1422 excurrente,
1195 1321 1389 1408 lateribus
1416 1322 1809 1440 fusco-ferrugineis
1835 1328 2005 1413 enervi-

382 1473 475 1576 bus,
496 1473 584 1561 basi
604 1470 911 1585 pallidioribus,
931 1470 1184 1584 quandoque
1204 1474 1299 1556 totis
1318 1471 1492 1584 pallidis
1531 1473 1703 1557 Stameu
1724 1500 1881 1577 unum,
1902 1464 2006 1560 aite-¹

383 1627 469 1709 rius
490 1622 647 1724 lateris;
678 1621 855 1707 anthera
883 1620 1070 1722 linearis,
1098 1640 1361 1723 mucronata,
1391 1611 1511 1707 lutea.
1571 1623 1711 1736 Stylus
1737 1653 2005 1737 compressus,

382 1772 559 1874 ciliatus,
586 1771 639 1860 ad
660 1769 849 1856 modium
876 1798 1006 1886 usque
1026 1769 1194 1873 bifidus,
1219 1774 1479 1888 stigmatibus
1505 1772 1769 1861 fiiiformibus
1793 1781 2005 1865 contortis

382 1924 603 2036 Caryopsis
629 1924 823 2024 obovata,
853 1921 1084 2023 latinarum,
1113 1921 1331 2025 lutescens,
1360 1926 1559 2037 utrinque
1579 1950 1763 2011 convexa
1783 1927 1853 2012 sed
1875 1934 2008 2046 magis

383 2077 428 2158 in
450 2071 588 2173 dorso,
608 2074 728 2156 costis
746 2075 931 2187 angustis
949 2075 1131 2183 septenis
1152 2073 1351 2156 minutim
1374 2070 1611 2174 crenulatis,
1631 2077 1864 2160 interstitiis
1883 2076 2008 2164 latiu-

380 2222 503 2309 scuiis
522 2224 793 2308 transversim
812 2221 977 2307 sulcatis
984 2249 996 2324 ;
1020 2220 1154 2307 discus
1175 2219 1315 2306 baseos
1335 2221 1473 2307 brevis
1494 2227 1683 2339 margine
1702 2244 1833 2328 acuto,
1852 2226 2007 2333 fuscum

384 2364 525 2458 vertex¹
546 2371 702 2485 papilla
722 2376 957 2458 instructus.

499 2520 647 2610 Variat
662 2519 801 2605 culmo
815 2520 953 2605 altiori
974 2538 1013 2605 et
1031 2518 1261 2622 humiliori,
1282 2520 1390 2605 soliis
1404 2521 1666 2607 brevioribus
1687 2523 2010 2639 longioribusvs,

382 2672 535 2788 glabris
556 2671 622 2755 vel
643 2671 778 2772 hirtis,
807 2673 968 2786 vaginis
988 2674 1119 2786 magis
1139 2673 1332 2754 minusve
1353 2672 1682 2782 pubescentibus

497 2818 752 2905 conferatur
769 2847 870 2904 cum
888 2822 1152 2935 mmerstytt
1168 2823 1320 2905 villosa
1340 2818 1389 2902 R.
1409 2837 1449 2904 et
1470 2819 1580 2924 Sch,
1605 2847 1716 2934 quae
1734 2822 2010 2936 probabiliter

385 2987 551 3060 nostrae
571 2999 655 3055 var.

498 3116 704 3204 Observ.
752 3118 839 3203 Sub
863 3123 1126 3235 limbristylr'
1151 3125 1254 3206 laxa
1274 3119 1400 3206 Vahl.
1427 3120 1537 3204 bano
1569 3139 1754 3206 nostram
1780 3121 1933 3212 laudat·
1952 3128 2003 3213 ch

384 3268 579 3370 Kunth,
610 3268 777 3357 vahtii
807 3254 1050 3356 herbarium
1077 3275 1223 3357 citans.
1285 3270 1402 3355 Certi
1422 3287 1561 3354 autern
1582 3297 1741 3372 sumus,
1768 3268 2007 3363 Vablium

384 3422 524 3532 ipsum
538 3417 678 3530 pluras
697 3421 1002 3504 commiscuisse
1022 3418 1186 3504 formas
1226 3417 1397 3521 Quodsi
1417 3420 1697 3533 Fimbristyb‘s
1716 3450 1865 3509 aum
1880 3422 2011 3537 typnh

384 3586 444 3653 est
476 3568 756 3682 himbrr'stylr‘s
787 3571 916 3653 laxae
944 3567 1106 3669 Vahlii,
1147 3587 1261 3653 certo
1300 3570 1450 3651 certius
1481 3570 1762 3683 Fimbrs‘styb‘s
1799 3570 2005 3659 treet&

384 3717 521 3803 Smitb
548 3719 601 3800 F.
626 3720 729 3804 laxo
758 3715 876 3802 Vahl.
913 3745 1000 3802 non
1034 3735 1113 3819 est,
1153 3735 1193 3801 et
1227 3719 1317 3800 rice
1351 3743 1479 3800 versa.
1552 3715 1791 3828 Suspectam
1826 3722 2009 3809 omnino

384 3892 602 3951 censemus
622 3864 914 3953 herbariorum
934 3863 1074 3968 fidem,
1092 3868 1126 3949 si
1141 3864 1279 3950 verbis
1291 3881 1506 3948 auctorum
1524 3884 1772 3980 repugnent.
1811 3865 2010 3970 Quissst,

384 4020 460 4130 qui
480 4014 646 4100 nullum
666 4042 856 4128 unquam
877 4004 1073 4101 herbario
1092 4042 1166 4099 suo
1186 4016 1411 4099 inseruerit
1430 4018 1642 4129 specimen
1667 4020 1748 4103 nisi
1766 4023 1885 4132 prius
1903 4038 2010 4107 essa

382 4182 552 4249 strenue
572 4156 900 4249 examinamini,
918 4165 1013 4275 qui,
1032 4188 1128 4246 cum
1145 4161 1391 4251 herbarium
1410 4165 1457 4247 in
1474 4162 1678 4248 auxilium
1696 4182 1873 4267 rooaret,
1893 4194 2011 4254 nuu-

383 4341 511 4429 quam
532 4314 774 4427 speciminis
795 4310 883 4396 loco
904 4312 1081 4425 probati
1096 4312 1382 4425 improbatum
1411 4312 1641 4427 leviterque
1665 4332 1878 4429 receptum
1899 4310 2011 4404 arti-

286 4580 289 4587 .
383 4467 533 4579 puerit
575 4462 756 4547 Vahlio
776 4461 977 4548 autemid
993 4460 1150 4576 pluries
1169 4461 1372 4565 accidisse,
1392 4480 1597 4549 testantur
1615 4467 1744 4578 ipsius
1758 4492 1898 4580 opera,
1918 4482 2010 4554 ms-

383 4644 468 4735 gno
487 4617 651 4730 ingenii
672 4616 868 4698 acumine
887 4631 929 4698 at
949 4612 1086 4725 fugaci
1100 4641 1233 4697 mann
1248 4613 1502 4700 characteres
1516 4614 1756 4727 plantarum
1777 4621 2009 4703 tractantis.

500 4762 551 4848 in
568 4763 675 4848 foliis
694 4761 1004 4866 „bliformibus‘
1023 4767 1286 4879 rtmtrurytt
1303 4769 1432 4849 laxae
1445 4764 1611 4850 tributis
1624 4785 1695 4851 aut
1713 4794 1859 4853 error
1877 4782 2009 4883 qure-

383 4913 541 4999 rendus
561 4931 619 4998 cst
639 4931 712 4999 aut
740 4913 1007 4999 character
1033 4917 1387 5031 gravissimus,
1417 4942 1517 4999 nam
1539 4945 1647 5029 quae
1667 4918 1881 5007 adduntur
1897 4924 2008 5035 „spi-

383 5067 443 5151 cis
458 5061 781 5180 ovatisglabris,
799 5063 1019 5151 involucro
1036 5065 1305 5180 subdiphylio
1325 5066 1508 5154 umbella
1537 5066 1883 5183 decomposita
1911 5070 2007 5158 bre-
